1950 3282
277 287 554 337 Ἡρακλειδῶν
587 286 832 335 ἡγουμένων
864 288 1007 337 <τῆς>
1034 286 1255 335 Ἀθηναίων
1288 285 1473 335 ἐπιβῆναι
1507 286 1577 326 ςὺν
1604 287 1722 325 πολε·

279 355 380 403 μίοις
407 353 560 394 ὅπλοις.
607 352 712 393 ἀλλὰ
748 353 826 402 γὰρ
861 352 958 393 οὔτε
991 354 1112 393 θεοὺς
1145 352 1240 393 οὔτε
1273 353 1527 403 ἀνθρώπους
1558 354 1724 393 αἰδοῦν-

273 434 359 461 ται·
393 420 444 460 οὺ
467 421 545 470 γὰρ
569 420 620 460 ἂν
642 421 740 461 τάδε
763 421 942 461 έποίουν.
977 423 1089 463 <νῦν
1119 421 1189 460 δ’>
1222 422 1344 470 ὑμεῖς,
1384 422 1456 461 έάν
1487 424 1581 463 θεὸς
1610 424 1722 476 θέλῃ,

209 495 236 529 ὅ
276 490 391 540 δίκην
425 490 562 530 αὐτοῖς
594 489 812 538 ἐπιθήςετε.
854 490 1106 538 ἐνθυμήθητε
1146 491 1192 528 δέ
1225 489 1283 529 ὅτι
1323 490 1432 538 ὑμεῖς
1466 492 1536 540 μὲν
1576 491 1619 530 ἐκ
1650 494 1721 539 τῆς

275 559 474 608 ὑμετέρας
506 559 646 598 αὐτῶν
680 558 916 607 ὁρμώμενοι
954 556 1200 604 ἀγωνιεῖςθε,
1239 558 1321 597 ἀπὸ
1362 559 1489 598 έςτὶας
1526 560 1720 611 πατρῴας

272 627 438 666 ἕκαςτος
471 627 534 666 καὶ
567 629 675 666 θεῶν
708 629 791 665 τῶν
826 624 971 665 ἄλλων
1005 626 1105 664 κατὰ
1136 625 1267 668 πόλιν,
1301 627 1350 665 οὐ
1383 629 1468 666 τῶν
1502 627 1721 667 κτιςάντων

274 696 427 745 φονέες
452 695 679 746 γενόμενοι,
714 694 814 733 ἀλλὰ
839 694 997 733 τοκέων
1029 693 1239 742 τυχόντες,
1272 697 1355 734 τοῖς
1383 695 1591 744 ὑμετέροις
1614 697 1722 734 θεοῖς

273 763 484 812 εὐξάμενοι
530 764 620 813 περὶ
661 765 748 802 τῶν
789 762 940 813 αὐτῶν,
980 763 1081 802 ὥςτε
1124 764 1186 802 καὶ
1223 763 1300 810 τὴν
1342 763 1456 811 δίκην
1495 764 1570 811 τήν
1608 763 1721 812 παρὰ

210 834 233 869 §i
275 834 383 871 θεῶν
433 832 496 870 καὶ
543 831 756 879 δαιμόνων
801 831 978 879 μεγάλην
1024 830 1234 880 ςυμμαχον
1279 830 1395 879 ἔχειν.
1454 830 1628 880 μάχεςθε
1677 831 1722 869 δέ

273 898 468 949 ἀνδράςιν
502 898 700 948 ὑβριςταῖς
732 900 795 938 καὶ
829 899 1016 942 ἀνοςῐοις,
1051 899 1088 938 οἳ
1118 900 1191 947 την
1227 901 1300 947 μὲν
1334 899 1538 948 ςφετέραν
1571 898 1722 945 αὑτῶν,
1767 910 1798 936 ιιι

274 967 318 1007 έν
345 968 368 1020 ᾗ
397 968 605 1014 ἐγένοντο,
639 966 857 1006 ἀπώλεςαν
892 968 954 1006 καὶ
982 967 1178 1012 ἐξέλιπον,
1213 968 1235 1016 ἢ
1264 970 1371 1007 θεοῖς
1399 967 1554 1016 ἔχθραν
1583 967 1720 1006 θέντες

272 1036 296 1084 ἢ
329 1035 444 1074 κακοί
476 1047 519 1074 τε
552 1036 614 1074 καὶ
642 1034 854 1074 ἀνάλκιδες
881 1033 1008 1078 ὄντες,
1042 1035 1104 1073 ἐπὶ
1133 1036 1178 1074 δὲ
1203 1035 1276 1083 τήν
1304 1034 1504 1084 ὑμετέραν
1528 1035 1720 1085 ἔρχονται

272 1102 313 1145 ἐξ
336 1103 551 1151 ἀλλοτρίας
578 1102 814 1153 ὁρμώμενοι
843 1101 937 1142 οὔτε
965 1102 1047 1141 ἀπὸ
1074 1105 1145 1151 τῆς
1172 1103 1372 1152 ςφετέρας
1400 1103 1527 1143 έςτίας
1554 1103 1720 1142 ἕκαςτος

272 1169 413 1210 αὐτῶν
448 1169 536 1209 οὔτ’
561 1170 643 1210 ἀπὸ
676 1173 759 1210 τῶν
795 1170 932 1209 ἄλλων
966 1170 1188 1224 [οὔτ’ἀπο]
1228 1172 1435 1223 πατρῴων
1476 1173 1596 1216 θεῶν,
1638 1170 1718 1209 ἀπὸ

270 1239 498 1288 Ἐριννύων
532 1240 577 1278 δὲ
611 1239 673 1278 καὶ
712 1238 794 1277 ἀπὸ
829 1239 984 1288 ἀπάτης
1023 1239 1239 1287 δαιμόνων
1274 1238 1545 1287 ἐλαυνόμενοι
1582 1239 1720 1287 ἥκουςι
1764 1250 1795 1276 1:.

271 1308 385 1356 δίκην
419 1309 635 1347 δώςοντες.
681 1307 730 1346 οὐ
762 1308 840 1356 γὰρ
881 1306 977 1347 οὔτε
1016 1308 1178 1347 πλείους
1217 1309 1333 1355 ὑμῶν
1373 1308 1466 1347 εἰςιν
1499 1306 1595 1346 οὔτε
1629 1306 1719 1345 εὐο-

268 1375 636 1426 πλότεροι·ὀὺδὲ
683 1378 800 1424 ὑμῶν
849 1376 999 1415 δειλίαν
1050 1374 1323 1421 καταγνόντες
1371 1375 1561 1424 ἔρχονται
1606 1373 1717 1413 οὕτω

270 1446 431 1494 θραςεῖς
455 1444 521 1483 διὰ
549 1446 620 1492 τῆς
644 1444 851 1493 ὑμετέρας,
880 1443 981 1483 ἀλλὰ
1009 1446 1122 1482 θεῶν
1146 1456 1201 1482 τις
1226 1442 1311 1490 ἄγει
1336 1443 1487 1482 αὐτοὺς
1511 1445 1722 1497 δῶςοντας
1739 1454 1815 1487 (174)

181 1512 234 1550 10
274 1511 387 1551 δίκας
426 1514 585 1560 μιαρῶν
617 1525 659 1550 τε
691 1512 755 1550 καὶ
794 1512 972 1551 ἀνοςίων
1006 1511 1151 1561 ἔργων.
1199 1511 1443 1560 παραςτήτω
1483 1511 1561 1550 οὖν
1602 1511 1717 1559 ὑμῶν

267 1580 421 1631 έκάςτω
454 1583 592 1624 τοῦτο,
626 1580 683 1619 ὼς
714 1581 760 1619 τὸ
795 1582 961 1629 θαρρεῖν
994 1582 1181 1619 πλεῖςτον
1215 1580 1384 1630 φέρεται
1418 1580 1472 1619 εἰς
1498 1580 1544 1619 τὸ
1578 1581 1717 1618 νικᾶν·
1759 1590 1794 1617 2⁴·

269 1648 326 1687 ὡς
365 1648 442 1688 οὖν
482 1649 545 1687 καὶ
582 1650 667 1686 τῶν
708 1650 817 1687 θεῶν
857 1648 1081 1696 ςυμμάχων
1120 1646 1256 1686 ὄντων
1299 1649 1361 1686 καὶ
1404 1646 1716 1699 ὑπάρχονΙτων]

269 1717 361 1765 ὑμῖν
383 1716 545 1756 τούτων
563 1717 625 1755 καὶ
644 1715 848 1764 ἀμείνοςιν
864 1712 963 1755 εἶναι
981 1716 1044 1755 καὶ
1065 1716 1359 1767 εὐδοξοτέροις,
1380 1717 1539 1765 βραχὺν
1557 1715 1716 1765 χρόνον

267 1785 546 1834 ἀναςχόμενοι
562 1785 612 1824 τά
628 1784 739 1824 ὅπλα
756 1787 841 1824 τῶν
861 1784 1071 1832 πολεμίων
1096 1785 1255 1832 μακρὰν
1275 1783 1404 1824 δόξαν
1424 1785 1715 1832 καταςτήςεςθε

267 1853 415 1902 ἀρετῆς
454 1855 508 1893 εἰς
548 1853 620 1892 τὸν
653 1852 817 1892 ἅπαντα
849 1852 1007 1901 χρόνον
1046 1853 1109 1891 καὶ
1148 1852 1398 1900 ἀναμνήςετε
1430 1852 1586 1892 πάντας
1618 1854 1715 1892 τοὺς

265 1921 531 1971 ἀνθρώπους,
571 1920 630 1960 ὅτι
670 1921 779 1969 ὑμεῖς
819 1920 986 1960 ἐκείνων
1024 1922 1108 1959 τῶν
1147 1920 1316 1969 ἀνδρῶν
1356 1920 1442 1960 έςτε
1480 1922 1634 1970 παῖδες,
1673 1921 1713 1960 o'i'
1756 1933 1790 1959 25

265 2003 367 2030 ποτε
401 1990 640 2039 ἀποβάντας
672 1989 768 2029 τοὺς
803 1988 1039 2038 βαρβάρους
1064 1990 1135 2037 τῆς
1162 1988 1360 2038 ὑμετέρας
1387 1989 1441 2028 εἰς
1467 1988 1713 2037 Μαραθῶνα

263 2149 279 2183 1
308 2148 574 2191 Ἡρακλειδῶν]
613 2159 642 2181 ει
675 2159 720 2181 ex
748 2159 763 2180 ε
791 2158 881 2181 corr.
911 2147 957 2180 Α1
1101 2149 1168 2187 τῆς
1211 2146 1359 2190 inserui!
1398 2150 1441 2189 τῇ
1476 2147 1533 2179 νυ]
1567 2147 1636 2188 τήν
1668 2146 1710 2179 ei.

260 2207 324 2240 Re.
470 2206 492 2239 3
518 2208 585 2238 νῦν
613 2204 642 2238 δ’
670 2205 779 2239 inser.
806 2204 895 2247 Keil]
925 2205 964 2237 δέ
997 2207 1079 2247 post
1111 2205 1214 2244 ὑμεῖς
1247 2204 1329 2237 add.
1355 2204 1495 2247 δίοψις
1528 2203 1582 2236 ῶν
1608 2203 1711 2242 ὑμεῖς

261 2263 304 2297 ci.
330 2264 392 2297 Re.
540 2264 561 2295 6
593 2263 685 2295 κατὰ
717 2262 826 2294 πόλιν
861 2261 903 2294 (ri.
930 2260 1022 2303 Keil]
1058 2259 1115 2292 καὶ
1141 2260 1289 2293 πόλεως
1322 2259 1404 2293 libri
1552 2260 1571 2293 7
1605 2258 1708 2302 ἀλλὰ]

259 2319 505 2364 αὐτοχθόνων
537 2319 596 2352 vel
627 2318 790 2358 εὺςεβῶν
823 2317 905 2351 add.
940 2317 1015 2351 He..
1051 2316 1094 2349 ces.
1124 2326 1254 2349 ς’(ιιτιιιι.
1401 2315 1423 2348 8
1454 2318 1533 2347 τῶν
1566 2326 1635 2348 om.
1664 2315 1708 2356 M,

256 2376 326 2418 τὴν
353 2376 480 2408 αὐτῶν
507 2375 532 2408 Ζ
631 2376 652 2406 5)
683 2375 850 2415 μαχεῖςθε
876 2373 918 2406 s-i.
940 2373 1062 2415 Slepli.
1166 2372 1205 2405 11
1235 2372 1380 2411 ἐγένετο
1401 2372 1427 2405 L
1527 2371 1570 2404 12
1590 2370 1705 2414 ὄντες]

258 2443 302 2466 ον
334 2432 369 2465 in
403 2443 465 2465 ras
497 2432 522 2464 Z
670 2431 712 2463 13
744 2429 918 2471 ἀλοτρίας
955 2429 1007 2462 HL
1156 2428 1200 2461 14
1227 2428 1304 2461 οὔτ’
1333 2429 1406 2460 ἀπὸ
1435 2428 1520 2461 secl.
1549 2427 1658 2460 Bekk.

257 2489 330 2522 ἀπὸ
356 2491 436 2521 τῶν
460 2488 652 2529 πατρώων
670 2487 732 2520 ZM
882 2486 923 2519 15
951 2485 1007 2519 καὶ
1035 2495 1146 2528 super
1172 2484 1232 2517 lin.
1254 2484 1336 2518 add.
1357 2484 1404 2517 ΑΙ
1549 2483 1704 2527 ἀπάτης]

257 2545 347 2587 ἄτης
374 2545 417 2578 ci.
447 2545 510 2578 Re.
684 2544 727 2576 16
754 2542 955 2586 δώςοντες]
989 2542 1170 2575 δώςουςιν
1203 2540 1454 2584 superscripto
1488 2551 1592 2573 οντες
1626 2541 1656 2572 M

230 2646 234 2647 ⁷
257 2603 299 2635 17
319 2602 407 2634 οὐδὲ
426 2600 468 2635 ci.
488 2600 613 2644 Bekk]
634 2600 720 2633 οὔτε
738 2599 820 2633 libri
965 2600 1073 2639 ὑμῶν
1093 2597 1136 2631 ci.
1161 2597 1235 2641 Ro]
1255 2598 1439 2639 ὑμετέραν
1461 2597 1499 2632 Λ.
1520 2597 1704 2638 ἡμετέραν

254 2658 376 2692 BLZM
478 2657 522 2690 18
541 2658 686 2699 θραςεῖς
705 2656 852 2700 scripsi]
873 2656 1040 2697 θραςέως
1068 2654 1147 2688 libri
1250 2653 1292 2687 19
1319 2653 1425 2695 δίκην
1452 2652 1702 2697 supersvripto

254 2724 296 2748 ας
322 2715 348 2748 L
472 2714 517 2747 20
534 2716 649 2746 τοῦτο
669 2713 711 2746 ri.
733 2712 871 2756 Sieplnj
891 2712 1040 2745 τούτων
1060 2710 1138 2744 libri
1264 2710 1305 2743 21
1327 2710 1498 2752 ὑπάρχον
1520 2710 1561 2743 ci.
1582 2708 1702 2752 lssekk]

253 2771 506 2813 ὑπαρχόντων
524 2770 623 2812 111)ι·ἰ;
643 2770 881 2811 ὑπάρχοντος
897 2768 938 2801 ei.
955 2768 1078 2810 Sieph.
1178 2766 1232 2799 22.
1250 2765 1307 2799 καὶ
1323 2776 1391 2799 οιιι.
1408 2765 1499 2799 LZM
1600 2764 1702 2797 ἐνδο-

253 2828 418 2870 ξοτέροις
437 2827 500 2860 ΖΜ
598 2827 642 2860 23
664 2826 818 2869 μακρὰν]
839 2837 882 2859 αν
902 2825 938 2858 in
959 2835 1029 2858 ras.
1050 2822 1076 2855 Z
1174 2822 1220 2856 24
1236 2823 1326 2855 τοὺς
1345 2833 1455 2865 super
1474 2822 1535 2855 lin.
1556 2820 1638 2855 adil.
1658 2820 1701 2853 Z¹

252 2883 297 2917 25
322 2883 413 2927 τῶν]
443 2895 462 2915 ν
489 2883 528 2916 in
555 2893 626 2917 ras.
647 2883 672 2916 Α
809 2883 854 2915 26
881 2881 1088 2922 ἀποβάντες
1114 2879 1157 2920 Ζ,
1185 2877 1452 2920 ἐπιβάντας,ςί.
1474 2877 1625 2911 Pierson
1653 2875 1701 2910 ad

252 2939 361 2974 Moer¹
383 2951 414 2983 p.
434 2940 480 2973 48
577 2942 643 2981 τῆς
669 2939 851 2981 ὑμετέρας
878 2949 946 2971 οιιι.
967 2937 1031 2970 ΖΜ
1129 2934 1192 2979 εἰς]
1221 2934 1279 2984 ἐπὶ
1304 2935 1366 2968 ΖΜ
1468 2936 1650 2975 μαρθῶνα
1673 2932 1700 2966 Β

1508 3004 1550 3038 3*
