1950 3282
191 354 214 377 ·)

190 698 212 734 ιζ,

948 230 1000 268 2⁴5

370 354 412 392 Εἰ
447 354 518 401 μὲν
552 352 632 401 γάρ
667 352 717 399 δὴ
753 351 816 390 καὶ
848 349 1057 398 πρότερον
1091 347 1196 397 πρὸς
1229 347 1302 395 τὴν
1337 346 1539 396 ἡμετέραν
1578 345 1699 384 πόλιν

255 423 446 471 ὑπῆρχον
493 422 664 471 Θηβαῖοι
706 421 756 469 μὴ
797 418 1010 466 δυςμενῶς
1049 415 1292 464 διακείμενοι
1328 439 1383 443 —
1427 414 1554 453 καίτοι
1593 413 1699 463 πρὸς

246 493 345 532 τοὺς
395 491 635 541 προγόνους
686 492 802 539 ἡμῶν
846 487 980 528 πολλὰ
1026 486 1088 525 καὶ
1143 485 1257 524 δεινὰ
1315 484 1378 523 καὶ
1430 483 1586 532 μεγάλα
1631 494 1698 521 πε-

248 559 476 609 πραγμένοι
511 559 574 598 καὶ
614 558 679 597 διὰ
718 556 873 596 παντὸς
908 556 983 594 τοὺ
1025 554 1186 604 χρόνου
1225 552 1410 601 πολέμιοι
1450 553 1699 591 καθεςτῶτες

248 628 336 677 ἡμῖν
372 651 438 675 -,
482 628 673 675 παριδὼν
713 625 764 664 ἂν
804 625 854 663 τὰ
892 625 970 663 νῦν
1004 621 1141 662 αὐτοῖς
1179 620 1444 670 ἡμαρτημένα
1486 620 1577 668 περὶ
1620 619 1699 658 ἑτέ-

250 709 336 746 ρων
377 696 426 735 ἂν
464 696 561 736 τοὺς
601 695 753 742 λόγους
793 691 1030 740 ἐποιούμην.
1082 692 1160 730 νῦν
1200 691 1246 729 δὲ
1283 689 1339 728 τίς
1379 687 1456 728 οὑκ
1494 684 1606 728 οἶδεν
1639 686 1699 727 ὅτι

247 766 416 813 πρῶτον
461 764 533 810 μἐν
571 764 664 811 ἡμῖν
705 761 803 810 μετὰ
840 763 925 799 τῶν
964 757 1297 805 Λακεδαιμονίων
1337 758 1400 795 καὶ
1436 758 1520 795 τῶν
1560 754 1698 795 ἄλλων

246 831 599 880 Πελοποννηςίων
633 828 993 879 έπιβουλεὺςαντες
1026 826 1277 866 ἀναςτάτους
1305 824 1410 873 ἡμᾶς
1437 824 1699 874 έπεχείρηςαν

247 902 394 940 ποιεῖν,
435 900 466 939 εἰ
501 900 552 948 μὴ
592 899 659 938 διὰ
697 897 825 947 τύχην
865 896 1005 935 αὐτοῖς
1039 894 1061 943 ἡ
1104 894 1220 943 ρῶμη
1261 894 1325 932 καὶ
1357 893 1407 932 τὰ
1443 891 1700 941 βουλεύματα

247 969 472 1018 διεφθάρη;
514 961 711 1015 δεύτερον
757 967 801 1005 δε
844 966 942 1013 μετὰ
986 965 1061 1003 τοὺ
1109 961 1325 1012 βαρβάρου
1378 960 1596 1010 γενόμενοι
1636 960 1700 999 καὶ

248 1037 446 1086 ςὺμμαχοι
490 1037 609 1088 κείνω
647 1034 930 1076 καταςτάντες,
970 1030 1028 1071 ὅτ“
1062 1032 1184 1080 ἦλθεν
1220 1028 1493 1081 ἀνυποςτάτω
1531 1027 1701 1076 δυνάμει

249 1107 311 1145 καὶ
349 1106 400 1145 τά
439 1105 605 1154 ςῶματα
646 1103 709 1142 καὶ
751 1103 827 1151 τὴν
870 1101 1014 1151 χῶραν
1058 1102 1173 1149 ἡμῶν
1217 1100 1480 1147 διαφθερῶν,
1524 1096 1702 1136 ἐναντίοι

246 1172 578 1222 παραταξάμενοι
613 1173 699 1210 τοῖς
727 1169 938 1219 ἡμετέροις
972 1168 1244 1217 φρονημαςιν,
1274 1165 1342 1205 ὑπ’
1371 1166 1522 1212 ὀλίγων
1555 1165 1702 1204 πολλοὶ

248 1241 356 1294 μάχῃ
380 1241 648 1291 κρατηθέντες
673 1239 856 1290 ἔφυγον·
888 1237 987 1286 μετὰ
1011 1237 1056 1274 δε
1079 1237 1208 1274 ταῦτα
1232 1235 1352 1274 πάλιν
1377 1235 1476 1283 μετὰ
1497 1235 1583 1273 τῶν
1607 1233 1701 1282 ἡμε-

246 1310 380 1358 τέρων
400 1310 564 1359 ἐχθρῶν
583 1307 801 1356 γενόμενοι
825 1307 898 1354 την
923 1305 1066 1354 χῶραν
1091 1304 1208 1352 ἡμων
1238 1303 1384 1352 ἔτεμον
1407 1304 1482 1350 την
1506 1301 1700 1342 πολλάκις

246 1378 419 1418 τούτους
454 1377 637 1418 ςῶςαςαν
669 1377 733 1416 καὶ
761 1377 835 1423 την
860 1373 984 1413 πόλιν
1014 1373 1165 1421 ἕτοιμοι
1199 1371 1492 1411 καταςκάπτειν
1516 1370 1628 1419 ἠςαν,
1651 1370 1700 1418 ἠν

248 1446 443 1486 πολλάκις
468 1445 584 1484 αὐτοὶ
607 1444 933 1493 θεραπεὺςαντες
957 1442 1155 1491 ςωτηρίας
1189 1440 1348 1490 ἔτυχον.
1384 1441 1449 1479 διὰ
1476 1439 1632 1478 παντὸς
1656 1439 1702 1477 δὲ

249 1515 408 1566 χρόνου
426 1515 521 1554 τοτε
537 1516 610 1563 μὲν
624 1513 724 1563 μετὰ
738 1511 1072 1560 Λακεδαιμονίων
1085 1511 1181 1559 ἡμῖν
1195 1508 1543 1558 ἐπιβουλεύοντες,
1557 1506 1703 1546 αλλοτε

249 1587 294 1624 δε
302 1585 400 1624 τοὺς
412 1584 637 1633 ἡμετέρους
651 1579 1145 1631 ςυμμάχουςάφιςτάντες,
1156 1579 1230 1618 αἰεὶ
1243 1580 1289 1617 δὲ
1299 1578 1414 1617 αὐτοὶ
1427 1575 1517 1616 καθ’
1528 1576 1702 1616 ἑαυτοὺς

249 1655 482 1702 πολεμικῶς
515 1653 579 1691 καὶ
614 1653 826 1700 δυςμενῶς
860 1649 1026 1699 ἔχοντες
1060 1649 1166 1698 πρὸς
1200 1648 1303 1696 ἡμᾶς
1343 1647 1592 1686 διατελοῡςι·
1624 1646 1702 1684 νῦν

248 1724 294 1762 δὲ
319 1722 366 1761 τὸ
392 1723 629 1760 τελευταῖον
655 1720 871 1759 Πλαταιεῖς
899 1717 1153 1757 ἀναςτάτους
1179 1716 1456 1764 πεποιήκαςιν.
1480 1713 1703 1763 ἡμετέρους

249 1792 321 1838 μὲν
355 1789 478 1830 ὄντας
512 1789 760 1839 ςυμμάχους7
794 1787 978 1836 εὐμενῶς
1014 1787 1059 1825 δε
1092 1785 1152 1825 ἀεὶ
1185 1785 1291 1834 πρὸς
1322 1784 1447 1832 τήνδε
1480 1784 1554 1831 τήν
1583 1782 1702 1822 πόλιν

249 1859 547 1907 διακειμένους,
582 1856 738 1906 μόνους
772 1857 817 1895 δὲ
858 1853 944 1903 μεθ’
980 1854 1095 1903 ἡμῶν
1130 1854 1234 1903 ὑπὲρ
1266 1855 1338 1901 τῆς
1370 1854 1456 1891 τῶν
1489 1851 1702 1899 Ἑλλήνων

248 1926 483 1975 ἐλευθερίας
510 1926 616 1979 πρὸς
648 1925 721 1964 τὸν
750 1924 963 1974 βάρβαρον
994 1922 1368 1971 διαγωνιςαμένους
1402 1922 1464 1960 καὶ
1497 1919 1698 1969 τρόπαιον

248 1995 478 2042 ςτὴςαντας.
508 1994 610 2043 ὑπὲρ
637 1992 696 2032 ῶν
715 1993 821 2032 εἰκὸς
851 1992 957 2039 ὑμᾶς
982 1990 1244 2040 ὀργιςθέντας
1262 1990 1470 2038 πανδημεὶ
1493 1988 1592 2028 μετὰ
1616 1990 1700 2028 τῶν

248 2062 391 2102 ὅπλων
411 2062 555 2101 ἐξιέναι
577 2063 641 2101 καὶ
659 2062 734 2109 τὴν
750 2060 877 2108 αὐτὴν
896 2059 1089 2108 Θηβαίοις
1108 2058 1323 2098 ἐπιτιθέναι
1348 2057 1555 2108 τιμωρίαν,
1571 2057 1701 2107 ἥνπερ

249 2130 362 2171 οὑτοι
394 2132 477 2170 τοῖς
511 2130 721 2178 ὑμετέροις
755 2128 979 2177 ςυμμάχοις
1013 2126 1250 2176 ἐτόλμηςαν.
1288 2125 1389 2164 ἀξιῶ
1417 2126 1491 2173 μὲν
1524 2124 1602 2165 οὖν
1636 2127 1700 2165 καὶ

246 2200 343 2239 τοὺς
377 2198 691 2247 ἀποτρέποντας
724 2196 829 2245 ὑμᾶς
861 2197 936 2243 τήν
961 2194 1088 2242 αὐτην
1117 2195 1208 2242 ἐμοὶ
1235 2194 1405 2241 γνώμην
1429 2192 1536 2242 ἔχειν
1562 2194 1625 2232 καὶ
1649 2195 1700 2242 μή

250 2341 266 2373 1
290 2341 334 2382 δὴ
355 2351 425 2373 om.
441 2339 503 2372 ΖΜ
616 2337 801 2379 ἡμετέραν
826 2336 955 2379 scripsi
983 2337 1026 2368 cl'.
1044 2346 1175 2368 comm.
1193 2334 1239 2368 ad
1264 2335 1295 2367 h.
1313 2334 1347 2378 i]
1368 2335 1552 2375 ὑμετέραν
1570 2334 1653 2368 libri

249 2398 268 2430 2
296 2397 468 2438 ὑπῆρχον
497 2395 538 2429 ci.
568 2394 646 2436 Hel
681 2394 876 2436 ὑπήκουον
909 2392 1050 2429 AssLM,
1085 2392 1256 2433 ὑπήκοον
1282 2391 1307 2424 Ζ
1454 2391 1475 2424 3
1509 2392 1612 2423 δεινὰ
1644 2389 1702 2423 καὶ

248 2465 317 2486 om.
346 2453 402 2486 Mt
558 2450 879 2492 διαπεπραγμένοι
913 2450 954 2482 ci.
992 2449 1118 2489 sss›kk.;
1154 2447 1353 2490 φαίνονται
1388 2447 1518 2481 deesse
1554 2447 1702 2481 videtur

248 2510 412 2551 Reiskim
441 2512 478 2542 at
504 2510 547 2543 cf.
569 2519 681 2551 supra.
708 2519 740 2551 p.
758 2508 799 2541 11
820 2506 938 2539 καίτοι
1052 2507 1072 2538 ι’)
1098 2507 1185 2547 ἡμῖν
1205 2504 1347 2548 scripsi]
1368 2505 1454 2543 ὑμῖν
1474 2503 1553 2537 libri
1575 2503 1652 2538 Ald.

248 2567 269 2599 (ἱ
295 2569 362 2599 νῦν
382 2567 422 2599 δέ
440 2565 507 2609 τίς]
534 2564 588 2598 τίς
608 2566 647 2598 δέ
665 2563 719 2597 τίς
738 2563 818 2606 LM,
846 2563 935 2596 τοὺς
963 2563 1002 2595 δέ
1027 2562 1081 2595 τίς
1106 2563 1130 2595 Ζ
1280 2564 1360 2604 post
1388 2562 1443 2594 ὅτι
1472 2572 1565 2594 eras,
1595 2571 1616 2594 α
1643 2561 1699 2594 vel

249 2624 293 2656 οὑ
313 2623 365 2655 A¹
512 2623 530 2655 7
559 2625 716 2663 πρῶτον
744 2621 786 2654 ci.
808 2619 929 2663 Dolum]
958 2619 1150 2661 πρότερον
1178 2617 1257 2652 libri
1406 2620 1427 2651 8
1454 2618 1699 2659 Πελοποννη-

249 2679 350 2724 ςίων]
377 2680 532 2713 alterurn
555 2690 574 2710 ν
594 2689 704 2721 super
731 2678 790 2711 lin.
812 2676 896 2710 add.
917 2677 943 2709 A
959 2679 970 2695 ²
1117 2675 1366 2708 ἀνναςτάτους
1389 2675 1414 2707 Β
1563 2673 1699 2714 ἐπεχεί-

250 2747 366 2778 ρηςαν
393 2747 462 2769 om.
486 2736 523 2772 Β,
544 2735 581 2768 in
609 2746 720 2775 marg-r.
749 2733 832 2767 add.
855 2732 1093 2774 ἐπεχείρηςαν
1120 2733 1239 2765 ποιεῖν
1265 2732 1333 2767 8¹:
1368 2732 1410 2764 cf.
1438 2731 1700 2773 Brinckmann,

248 2793 315 2826 Rh.
331 2792 375 2826 M.
398 2792 487 2832 1902
509 2792 596 2826 LVII
615 2791 681 2824 481
704 2802 780 2835 sqq.
888 2790 931 2822 10
956 2792 1022 2822 τοὺ
1045 2800 1155 2832 super
1177 2789 1238 2822 lin.
1259 2787 1342 2821 add.
1359 2788 1404 2820 λι
1502 2788 1699 2828 γενόμενοι

250 2860 268 2882 e
286 2849 489 2889 γενόμενος
509 2859 600 2881 corr.
618 2847 668 2880 L‘·'
681 2850 696 2880 ἱ)
799 2847 838 2880 ,11
869 2846 922 2879 ὅτ’
943 2846 987 2880 ci.
1003 2845 1094 2888 Reii]
1116 2845 1155 2878 ὃς
1174 2845 1258 2878 libri
1360 2845 1400 2877 12
1429 2846 1656 2886 διαφθορῶν
1674 2843 1700 2876 Ζ

256 2906 294 2939 13
321 2906 517 2946 ἡμετέροις
544 2904 586 2937 ci.
607 2903 743 2947 δίψη]
772 2903 967 2944 ὑμετέροις
999 2901 1081 2934 libri
1208 2901 1250 2934 14
1276 2900 1434 2944 ἔφυγον]
1464 2901 1597 2940 ἐ’τυχον
1622 2899 1698 2942 ΑΒ,

250 2962 382 3000 έτυχον
395 2961 646 3003 superscripto
659 2960 803 3001 ἐ’φυγον
815 2959 878 2992 LM
976 2958 1172 2999 ὑμετέρων
1184 2955 1305 2991 BLZM
1319 2957 1397 2990 ΑΜ.
1493 2957 1537 2991 18
1551 2957 1700 2996 ἐπιβου-

249 3018 442 3051 λεὺςαντες
458 3017 537 3051 ΑΜ.
620 3017 663 3050 19
685 3017 782 3060 prius
797 3017 836 3049 δέ
852 3016 889 3048 in
906 3026 975 3049 ras.
989 3016 1013 3048 Z
1091 3014 1144 3048 ἀεὶ
1163 3014 1188 3047 Ζ
1264 3014 1310 3047 24
1328 3013 1657 3053 διαγονιςαμένους
1672 3011 1700 3044 Β

1718 765 1796 795 (170)

1747 971 1779 997 1⁴)

1747 1309 1779 1338 15

1745 1637 1779 1664 2⁴³

1729 1673 1782 1699 65⁴3
