<?xml version="1.0" encoding="UTF-8"?>
<!DOCTYPE html PUBLIC "-//W3C//DTD XHTML 1.0 Transitional//EN"
    "http://www.w3.org/TR/xhtml1/DTD/xhtml1-transitional.dtd">
<html xmlns="http://www.w3.org/1999/xhtml" xml:lang="en" lang="en">
 <head>
  <title>
</title>
<meta http-equiv="Content-Type" content="text/html;charset=utf-8" />
  <meta name='ocr-system' content='tesseract 3.04.00' />
  <meta name='ocr-capabilities' content='ocr_page ocr_carea ocr_par ocr_line ocrx_word'/>
</head>
<body>
  <div class='ocr_page' id='page_1' title='image "./lesbonactissophi00lesbuoft/lesbonactissophi00lesbuoft_0040.png"; bbox 0 0 1950 3282; ppageno 0'>
   <div class='ocr_carea' id='block_1_1' title="bbox 152 317 198 353">
    <p class='ocr_par' dir='ltr' id='par_1_1' title="bbox 152 317 198 353">
     <span class='ocr_line' id='line_1_1' title="bbox 152 317 198 353; baseline -0.065 0"><span class='ocrx_word' id='word_1_1' title='bbox 152 317 198 353; x_wconf 74' lang='lat' dir='ltr'>ll)</span> 
     </span>
    </p>
   </div>
   <div class='ocr_carea' id='block_1_2' title="bbox 150 724 186 761">
    <p class='ocr_par' dir='ltr' id='par_1_2' title="bbox 150 724 186 761">
     <span class='ocr_line' id='line_1_2' title="bbox 150 724 186 761; baseline 0.028 -1"><span class='ocrx_word' id='word_1_2' title='bbox 150 724 186 761; x_wconf 88' lang='lat' dir='ltr'>ll</span> 
     </span>
    </p>
   </div>
   <div class='ocr_carea' id='block_1_3' title="bbox 142 1952 184 1989">
    <p class='ocr_par' dir='ltr' id='par_1_3' title="bbox 142 1952 184 1989">
     <span class='ocr_line' id='line_1_3' title="bbox 142 1952 184 1989; baseline 0.024 -1"><span class='ocrx_word' id='word_1_3' title='bbox 142 1952 184 1989; x_wconf 62' lang='lat' dir='ltr'>ll</span> 
     </span>
    </p>
   </div>
   <div class='ocr_carea' id='block_1_4' title="bbox 167 2302 328 2310">
    <p class='ocr_par' dir='ltr' id='par_1_4' title="bbox 167 2302 328 2310">
     <span class='ocr_line' id='line_1_4' title="bbox 167 2302 328 2310; baseline 0 0"><span class='ocrx_word' id='word_1_4' title='bbox 167 2302 328 2310; x_wconf 95' lang='lat' dir='ltr'> </span> 
     </span>
    </p>
   </div>
   <div class='ocr_carea' id='block_1_5' title="bbox 234 315 1691 1048">
    <p class='ocr_par' dir='ltr' id='par_1_5' title="bbox 234 315 1691 1048">
     <span class='ocr_line' id='line_1_5' title="bbox 240 315 1691 367; baseline 0.003 -13"><span class='ocrx_word' id='word_1_5' title='bbox 240 316 451 364; x_wconf 76' lang='grc' dir='ltr'>κέκτηνται</span> <span class='ocrx_word' id='word_1_6' title='bbox 474 316 523 354; x_wconf 87' lang='grc' dir='ltr'>τά</span> <span class='ocrx_word' id='word_1_7' title='bbox 545 328 586 355; x_wconf 86' lang='grc' dir='ltr'>τε</span> <span class='ocrx_word' id='word_1_8' title='bbox 616 317 700 354; x_wconf 78' lang='grc' dir='ltr'>τῶν</span> <span class='ocrx_word' id='word_1_9' title='bbox 729 315 936 363; x_wconf 89' lang='grc' dir='ltr'>πολεμίων</span> <span class='ocrx_word' id='word_1_10' title='bbox 964 316 1099 356; x_wconf 74' lang='grc' dir='ltr'>ἀδεῶς</span> <span class='ocrx_word' id='word_1_11' title='bbox 1136 318 1402 365; x_wconf 83' lang='grc' dir='ltr'>καρποῦνται.</span> <span class='ocrx_word' id='word_1_12' title='bbox 1435 317 1691 367; x_wconf 84' lang='grc' dir='ltr'>δικαιοτητος</span> 
     </span>
     <span class='ocr_line' id='line_1_6' title="bbox 237 382 1690 433; baseline 0.003 -12"><span class='ocrx_word' id='word_1_13' title='bbox 237 382 374 431; x_wconf 59' lang='grc' dir='ltr'>-ζμέγα</span> <span class='ocrx_word' id='word_1_14' title='bbox 401 383 447 422; x_wconf 84' lang='grc' dir='ltr'>τὸ</span> <span class='ocrx_word' id='word_1_15' title='bbox 477 383 650 431; x_wconf 77' lang='grc' dir='ltr'>ἀξίωμα·</span> <span class='ocrx_word' id='word_1_16' title='bbox 677 382 932 431; x_wconf 80' lang='grc' dir='ltr'>δικαιοτητος</span> <span class='ocrx_word' id='word_1_17' title='bbox 949 386 973 431; x_wconf 86' lang='grc'>&gt;</span> <span class='ocrx_word' id='word_1_18' title='bbox 990 384 1131 423; x_wconf 84' lang='grc' dir='ltr'>τοίνυν</span> <span class='ocrx_word' id='word_1_19' title='bbox 1159 384 1256 424; x_wconf 85' lang='grc' dir='ltr'>τόδε</span> <span class='ocrx_word' id='word_1_20' title='bbox 1282 385 1329 424; x_wconf 90' lang='grc' dir='ltr'>τὸ</span> <span class='ocrx_word' id='word_1_21' title='bbox 1354 384 1479 433; x_wconf 79' lang='grc' dir='ltr'>ἔργον</span> <span class='ocrx_word' id='word_1_22' title='bbox 1502 387 1690 425; x_wconf 91' lang='grc' dir='ltr'>πλεῖςτον</span> 
     </span>
     <span class='ocr_line' id='line_1_7' title="bbox 235 451 1690 506; baseline 0.002 -16"><span class='ocrx_word' id='word_1_23' title='bbox 235 451 402 500; x_wconf 76' lang='grc' dir='ltr'>μετέχει.</span> <span class='ocrx_word' id='word_1_24' title='bbox 437 451 593 489; x_wconf 89' lang='grc' dir='ltr'>δίκαιον</span> <span class='ocrx_word' id='word_1_25' title='bbox 628 452 698 499; x_wconf 78' lang='grc' dir='ltr'>μὲν</span> <span class='ocrx_word' id='word_1_26' title='bbox 732 451 811 500; x_wconf 77' lang='grc' dir='ltr'>γὰρ</span> <span class='ocrx_word' id='word_1_27' title='bbox 844 454 891 503; x_wconf 83' lang='grc' dir='ltr'>τῇ</span> <span class='ocrx_word' id='word_1_28' title='bbox 924 452 1086 500; x_wconf 87' lang='grc' dir='ltr'>πατρίδι</span> <span class='ocrx_word' id='word_1_29' title='bbox 1121 453 1298 501; x_wconf 79' lang='grc' dir='ltr'>ἀμύνειν.</span> <span class='ocrx_word' id='word_1_30' title='bbox 1338 455 1383 492; x_wconf 90' lang='grc' dir='ltr'>ἐν</span> <span class='ocrx_word' id='word_1_31' title='bbox 1416 454 1439 505; x_wconf 86' lang='grc' dir='ltr'>ῇ</span> <span class='ocrx_word' id='word_1_32' title='bbox 1474 452 1690 506; x_wconf 76' lang='grc' dir='ltr'>ἐτράφητε,</span> 
     </span>
     <span class='ocr_line' id='line_1_8' title="bbox 236 519 1690 571; baseline 0.003 -14"><span class='ocrx_word' id='word_1_33' title='bbox 236 520 392 558; x_wconf 85' lang='grc' dir='ltr'>δίκαιον</span> <span class='ocrx_word' id='word_1_34' title='bbox 417 521 461 558; x_wconf 78' lang='grc' dir='ltr'>δέ</span> <span class='ocrx_word' id='word_1_35' title='bbox 485 519 606 568; x_wconf 82' lang='grc' dir='ltr'>ἱεροῖς</span> <span class='ocrx_word' id='word_1_36' title='bbox 629 521 836 571; x_wconf 73' lang='grc' dir='ltr'>πατρῴοις</span> <span class='ocrx_word' id='word_1_37' title='bbox 866 520 928 559; x_wconf 85' lang='grc' dir='ltr'>καὶ</span> <span class='ocrx_word' id='word_1_38' title='bbox 959 520 1133 568; x_wconf 87' lang='grc' dir='ltr'>μνήμαςι</span> <span class='ocrx_word' id='word_1_39' title='bbox 1156 523 1241 560; x_wconf 78' lang='grc' dir='ltr'>τῶν</span> <span class='ocrx_word' id='word_1_40' title='bbox 1264 521 1505 570; x_wconf 75' lang='grc' dir='ltr'>προγονων,</span> <span class='ocrx_word' id='word_1_41' title='bbox 1533 521 1690 562; x_wconf 87' lang='grc' dir='ltr'>δίκαιον</span> 
     </span>
     <span class='ocr_line' id='line_1_9' title="bbox 236 586 1689 642; baseline 0.003 -16"><span class='ocrx_word' id='word_1_42' title='bbox 236 589 282 626; x_wconf 83' lang='grc' dir='ltr'>δέ</span> <span class='ocrx_word' id='word_1_43' title='bbox 315 588 410 626; x_wconf 76' lang='grc' dir='ltr'>τοὺς</span> <span class='ocrx_word' id='word_1_44' title='bbox 442 587 623 636; x_wconf 80' lang='grc' dir='ltr'>πατέρας</span> <span class='ocrx_word' id='word_1_45' title='bbox 656 588 785 638; x_wconf 76' lang='grc' dir='ltr'>υμῶν,</span> <span class='ocrx_word' id='word_1_46' title='bbox 821 586 893 638; x_wconf 67' lang='grc' dir='ltr'>ὑφ’</span> <span class='ocrx_word' id='word_1_47' title='bbox 919 586 978 626; x_wconf 82' lang='grc' dir='ltr'>ων</span> <span class='ocrx_word' id='word_1_48' title='bbox 1013 589 1237 639; x_wconf 79' lang='grc' dir='ltr'>ἐτράφητε,</span> <span class='ocrx_word' id='word_1_49' title='bbox 1277 589 1689 642; x_wconf 70' lang='grc' dir='ltr'>ἀντιγηροτροφῆςαι,</span> 
     </span>
     <span class='ocr_line' id='line_1_10' title="bbox 236 656 1690 708; baseline 0.003 -14"><span class='ocrx_word' id='word_1_50' title='bbox 236 656 397 695; x_wconf 84' lang='grc' dir='ltr'>δίκαιον</span> <span class='ocrx_word' id='word_1_51' title='bbox 433 657 476 694; x_wconf 79' lang='grc' dir='ltr'>δέ</span> <span class='ocrx_word' id='word_1_52' title='bbox 504 656 600 694; x_wconf 81' lang='grc' dir='ltr'>τοὺς</span> <span class='ocrx_word' id='word_1_53' title='bbox 626 657 787 698; x_wconf 79' lang='grc' dir='ltr'>παῖδας,</span> <span class='ocrx_word' id='word_1_54' title='bbox 822 656 1041 704; x_wconf 74' lang='grc' dir='ltr'>ἐπειδήπερ</span> <span class='ocrx_word' id='word_1_55' title='bbox 1073 656 1261 706; x_wconf 80' lang='grc' dir='ltr'>ἐφύςατε.</span> <span class='ocrx_word' id='word_1_56' title='bbox 1295 657 1505 708; x_wconf 73' lang='grc' dir='ltr'>ἐκθρέψαι,</span> <span class='ocrx_word' id='word_1_57' title='bbox 1533 658 1690 698; x_wconf 90' lang='grc' dir='ltr'>δίκαιον</span> 
     </span>
     <span class='ocr_line' id='line_1_11' title="bbox 237 721 1689 777; baseline 0.003 -15"><span class='ocrx_word' id='word_1_58' title='bbox 237 725 281 762; x_wconf 83' lang='grc' dir='ltr'>δέ</span> <span class='ocrx_word' id='word_1_59' title='bbox 323 723 483 762; x_wconf 85' lang='grc' dir='ltr'>τούτων</span> <span class='ocrx_word' id='word_1_60' title='bbox 525 725 613 762; x_wconf 82' lang='grc' dir='ltr'>τινα</span> <span class='ocrx_word' id='word_1_61' title='bbox 657 724 706 771; x_wconf 81' lang='grc' dir='ltr'>μή</span> <span class='ocrx_word' id='word_1_62' title='bbox 743 721 946 763; x_wconf 82' lang='grc' dir='ltr'>ἐλλείπειν.</span> <span class='ocrx_word' id='word_1_63' title='bbox 999 727 1030 764; x_wconf 86' lang='grc' dir='ltr'>εί</span> <span class='ocrx_word' id='word_1_64' title='bbox 1071 726 1116 764; x_wconf 83' lang='grc' dir='ltr'>δέ</span> <span class='ocrx_word' id='word_1_65' title='bbox 1157 739 1213 765; x_wconf 93' lang='grc' dir='ltr'>τις</span> <span class='ocrx_word' id='word_1_66' title='bbox 1260 725 1411 774; x_wconf 87' lang='grc' dir='ltr'>ςοφίαν</span> <span class='ocrx_word' id='word_1_67' title='bbox 1455 724 1689 777; x_wconf 78' lang='grc' dir='ltr'>ἐπιτηδεύει,</span> 
     </span>
     <span class='ocr_line' id='line_1_12' title="bbox 235 792 1690 843; baseline 0.002 -12"><span class='ocrx_word' id='word_1_68' title='bbox 235 792 280 831; x_wconf 86' lang='grc' dir='ltr'>το</span> <span class='ocrx_word' id='word_1_69' title='bbox 323 794 438 831; x_wconf 72' lang='grc' dir='ltr'>νικᾶν</span> <span class='ocrx_word' id='word_1_70' title='bbox 479 792 718 841; x_wconf 80' lang='grc' dir='ltr'>μαχόμενον</span> <span class='ocrx_word' id='word_1_71' title='bbox 761 793 887 831; x_wconf 75' lang='grc' dir='ltr'>τοῦτο</span> <span class='ocrx_word' id='word_1_72' title='bbox 922 793 1071 843; x_wconf 86' lang='grc' dir='ltr'>ςοφίαν</span> <span class='ocrx_word' id='word_1_73' title='bbox 1115 793 1344 843; x_wconf 58' lang='grc' dir='ltr'>ἡγηςάςθω,</span> <span class='ocrx_word' id='word_1_74' title='bbox 1386 792 1422 833; x_wconf 74' lang='grc' dir='ltr'>εἴ</span> <span class='ocrx_word' id='word_1_75' title='bbox 1452 806 1497 840; x_wconf 87' lang='grc' dir='ltr'>γε</span> <span class='ocrx_word' id='word_1_76' title='bbox 1534 792 1583 832; x_wconf 91' lang='grc' dir='ltr'>οὐ</span> <span class='ocrx_word' id='word_1_77' title='bbox 1625 806 1690 834; x_wconf 86' lang='lat' dir='ltr'>co-</span> 
     </span>
     <span class='ocr_line' id='line_1_13' title="bbox 235 858 1689 913; baseline 0.003 -14"><span class='ocrx_word' id='word_1_78' title='bbox 235 861 320 910; x_wconf 84' lang='grc' dir='ltr'>φὸν</span> <span class='ocrx_word' id='word_1_79' title='bbox 359 861 405 900; x_wconf 84' lang='grc' dir='ltr'>τὸ</span> <span class='ocrx_word' id='word_1_80' title='bbox 457 862 617 900; x_wconf 80' lang='grc' dir='ltr'>δοῦλον</span> <span class='ocrx_word' id='word_1_81' title='bbox 659 858 769 904; x_wconf 79' lang='grc' dir='ltr'>εἰναι,</span> <span class='ocrx_word' id='word_1_82' title='bbox 817 861 864 900; x_wconf 85' lang='grc' dir='ltr'>τὸ</span> <span class='ocrx_word' id='word_1_83' title='bbox 907 860 943 900; x_wconf 74' lang='grc' dir='ltr'>δ’</span> <span class='ocrx_word' id='word_1_84' title='bbox 986 862 1212 913; x_wconf 79' lang='grc' dir='ltr'>ἐλεύθερον</span> <span class='ocrx_word' id='word_1_85' title='bbox 1252 862 1404 912; x_wconf 86' lang='grc' dir='ltr'>ςοφον.</span> <span class='ocrx_word' id='word_1_86' title='bbox 1455 861 1603 902; x_wconf 86' lang='grc' dir='ltr'>κάλλος</span> <span class='ocrx_word' id='word_1_87' title='bbox 1645 863 1689 903; x_wconf 85' lang='grc' dir='ltr'>ἐν</span> 
     </span>
     <span class='ocr_line' id='line_1_14' title="bbox 234 925 1690 980; baseline 0.003 -13"><span class='ocrx_word' id='word_1_88' title='bbox 234 933 319 979; x_wconf 78' lang='grc' dir='ltr'>τιμῇ</span> <span class='ocrx_word' id='word_1_89' title='bbox 355 925 453 968; x_wconf 83' lang='grc' dir='ltr'>ειναι</span> <span class='ocrx_word' id='word_1_90' title='bbox 487 930 623 968; x_wconf 82' lang='grc' dir='ltr'>δοκεῖ;</span> <span class='ocrx_word' id='word_1_91' title='bbox 660 928 695 967; x_wconf 84' lang='grc' dir='ltr'>οἱ</span> <span class='ocrx_word' id='word_1_92' title='bbox 730 928 845 967; x_wconf 84' lang='grc' dir='ltr'>αὐτοὶ</span> <span class='ocrx_word' id='word_1_93' title='bbox 878 930 1018 969; x_wconf 78' lang='grc' dir='ltr'>τοίνυν</span> <span class='ocrx_word' id='word_1_94' title='bbox 1047 928 1197 980; x_wconf 78' lang='grc' dir='ltr'>ἄνδρες</span> <span class='ocrx_word' id='word_1_95' title='bbox 1224 933 1416 970; x_wconf 82' lang='grc' dir='ltr'>νικωντες</span> <span class='ocrx_word' id='word_1_96' title='bbox 1443 930 1548 970; x_wconf 79' lang='grc' dir='ltr'>οἵτε</span> <span class='ocrx_word' id='word_1_97' title='bbox 1575 932 1690 972; x_wconf 89' lang='grc' dir='ltr'>καλοὶ</span> 
     </span>
     <span class='ocr_line' id='line_1_15' title="bbox 234 994 1689 1048; baseline 0.003 -13"><span class='ocrx_word' id='word_1_98' title='bbox 234 997 429 1036; x_wconf 89' lang='grc' dir='ltr'>καλλίους</span> <span class='ocrx_word' id='word_1_99' title='bbox 462 999 655 1037; x_wconf 76' lang='grc' dir='ltr'>δοκούςιν</span> <span class='ocrx_word' id='word_1_100' title='bbox 689 994 798 1038; x_wconf 73' lang='grc' dir='ltr'>εἶναι,</span> <span class='ocrx_word' id='word_1_101' title='bbox 834 998 873 1037; x_wconf 79' lang='grc' dir='ltr'>ο’ί</span> <span class='ocrx_word' id='word_1_102' title='bbox 896 1011 936 1036; x_wconf 92' lang='grc' dir='ltr'>τε</span> <span class='ocrx_word' id='word_1_103' title='bbox 966 998 1121 1048; x_wconf 83' lang='grc' dir='ltr'>αίςχροὶ</span> <span class='ocrx_word' id='word_1_104' title='bbox 1154 998 1402 1047; x_wconf 76' lang='grc' dir='ltr'>δεινότεροι·</span> <span class='ocrx_word' id='word_1_105' title='bbox 1429 1001 1510 1038; x_wconf 86' lang='grc' dir='ltr'>πᾶν</span> <span class='ocrx_word' id='word_1_106' title='bbox 1538 999 1616 1048; x_wconf 85' lang='grc' dir='ltr'>γὰρ</span> <span class='ocrx_word' id='word_1_107' title='bbox 1642 1000 1689 1039; x_wconf 87' lang='grc' dir='ltr'>τὸ</span> 
     </span>
    </p>
   </div>
   <div class='ocr_carea' id='block_1_6' title="bbox 169 1065 1688 1122">
    <p class='ocr_par' dir='ltr' id='par_1_6' title="bbox 169 1065 1688 1122">
     <span class='ocr_line' id='line_1_16' title="bbox 169 1065 1688 1122; baseline 0.002 -18"><span class='ocrx_word' id='word_1_108' title='bbox 169 1075 176 1080; x_wconf 86' lang='grc'><strong>“</strong></span> <span class='ocrx_word' id='word_1_109' title='bbox 233 1065 452 1114; x_wconf 77' lang='grc' dir='ltr'>ἐλεύθερον</span> <span class='ocrx_word' id='word_1_110' title='bbox 487 1065 626 1105; x_wconf 77' lang='grc' dir='ltr'>καλὸν.</span> <span class='ocrx_word' id='word_1_111' title='bbox 661 1065 773 1106; x_wconf 77' lang='grc' dir='ltr'>εἴτις</span> <span class='ocrx_word' id='word_1_112' title='bbox 795 1066 934 1106; x_wconf 78' lang='grc' dir='ltr'>τοίνυν</span> <span class='ocrx_word' id='word_1_113' title='bbox 969 1066 1174 1113; x_wconf 75' lang='grc' dir='ltr'>εὐγενείας</span> <span class='ocrx_word' id='word_1_114' title='bbox 1201 1068 1389 1119; x_wconf 77' lang='grc' dir='ltr'>βάςανος,</span> <span class='ocrx_word' id='word_1_115' title='bbox 1423 1068 1467 1107; x_wconf 82' lang='grc' dir='ltr'>ἐν</span> <span class='ocrx_word' id='word_1_116' title='bbox 1489 1069 1598 1120; x_wconf 81' lang='grc' dir='ltr'>τῷδε</span> <span class='ocrx_word' id='word_1_117' title='bbox 1629 1071 1688 1122; x_wconf 77' lang='grc' dir='ltr'>τῷ</span> 
     </span>
    </p>
   </div>
   <div class='ocr_carea' id='block_1_7' title="bbox 232 1133 1692 1321">
    <p class='ocr_par' dir='ltr' id='par_1_7' title="bbox 232 1133 1692 1321">
     <span class='ocr_line' id='line_1_17' title="bbox 233 1133 1690 1186; baseline 0.003 -13"><span class='ocrx_word' id='word_1_118' title='bbox 233 1134 343 1186; x_wconf 79' lang='grc' dir='ltr'>ἔργῳ</span> <span class='ocrx_word' id='word_1_119' title='bbox 369 1133 535 1182; x_wconf 82' lang='grc' dir='ltr'>μάλιςτα</span> <span class='ocrx_word' id='word_1_120' title='bbox 559 1134 720 1173; x_wconf 79' lang='grc' dir='ltr'>ἐνεςτιν.</span> <span class='ocrx_word' id='word_1_121' title='bbox 780 1133 885 1175; x_wconf 82' lang='grc' dir='ltr'>ὅςτις</span> <span class='ocrx_word' id='word_1_122' title='bbox 909 1136 982 1183; x_wconf 77' lang='grc' dir='ltr'>μὲν</span> <span class='ocrx_word' id='word_1_123' title='bbox 1009 1135 1088 1184; x_wconf 79' lang='grc' dir='ltr'>γὰρ</span> <span class='ocrx_word' id='word_1_124' title='bbox 1114 1134 1324 1184; x_wconf 82' lang='grc' dir='ltr'>πρότερον</span> <span class='ocrx_word' id='word_1_125' title='bbox 1352 1137 1492 1175; x_wconf 75' lang='grc' dir='ltr'>δοκῶν</span> <span class='ocrx_word' id='word_1_126' title='bbox 1520 1135 1690 1186; x_wconf 80' lang='grc' dir='ltr'>εὐγενὴς</span> 
     </span>
     <span class='ocr_line' id='line_1_18' title="bbox 234 1202 1691 1254; baseline 0.002 -14"><span class='ocrx_word' id='word_1_127' title='bbox 234 1203 311 1241; x_wconf 78' lang='grc' dir='ltr'>νῦν</span> <span class='ocrx_word' id='word_1_128' title='bbox 347 1202 395 1249; x_wconf 84' lang='grc' dir='ltr'>μή</span> <span class='ocrx_word' id='word_1_129' title='bbox 437 1202 590 1249; x_wconf 79' lang='grc' dir='ltr'>Θελήςει</span> <span class='ocrx_word' id='word_1_130' title='bbox 631 1202 908 1250; x_wconf 80' lang='grc' dir='ltr'>διαμάχεςθαι,</span> <span class='ocrx_word' id='word_1_131' title='bbox 940 1204 1013 1251; x_wconf 79' lang='grc' dir='ltr'>τὴν</span> <span class='ocrx_word' id='word_1_132' title='bbox 1047 1202 1080 1242; x_wconf 74' lang='grc' dir='ltr'>τ’</span> <span class='ocrx_word' id='word_1_133' title='bbox 1107 1202 1149 1242; x_wconf 87' lang='grc' dir='ltr'>ἐκ</span> <span class='ocrx_word' id='word_1_134' title='bbox 1182 1206 1266 1242; x_wconf 78' lang='grc' dir='ltr'>τῶν</span> <span class='ocrx_word' id='word_1_135' title='bbox 1298 1203 1528 1252; x_wconf 84' lang='grc' dir='ltr'>προγονων</span> <span class='ocrx_word' id='word_1_136' title='bbox 1562 1203 1691 1254; x_wconf 76' lang='grc' dir='ltr'>ὑπάρ-</span> 
     </span>
     <span class='ocr_line' id='line_1_19' title="bbox 232 1268 1692 1321; baseline 0.002 -12"><span class='ocrx_word' id='word_1_137' title='bbox 232 1282 387 1320; x_wconf 86' lang='grc' dir='ltr'>χουςαν</span> <span class='ocrx_word' id='word_1_138' title='bbox 421 1268 628 1315; x_wconf 70' lang='grc' dir='ltr'>εὐγένειαν</span> <span class='ocrx_word' id='word_1_139' title='bbox 663 1269 810 1310; x_wconf 77' lang='grc' dir='ltr'>ἀπολεῖ</span> <span class='ocrx_word' id='word_1_140' title='bbox 841 1273 924 1311; x_wconf 87' lang='grc' dir='ltr'>τοῖς</span> <span class='ocrx_word' id='word_1_141' title='bbox 956 1285 998 1311; x_wconf 90' lang='grc' dir='ltr'>τε</span> <span class='ocrx_word' id='word_1_142' title='bbox 1037 1273 1142 1311; x_wconf 84' lang='grc' dir='ltr'>παιςὶ</span> <span class='ocrx_word' id='word_1_143' title='bbox 1177 1271 1415 1318; x_wconf 84' lang='grc' dir='ltr'>δυςγένειαν</span> <span class='ocrx_word' id='word_1_144' title='bbox 1456 1271 1692 1321; x_wconf 84' lang='grc' dir='ltr'>ἀπολείψει·</span> 
     </span>
    </p>
   </div>
   <div class='ocr_carea' id='block_1_8' title="bbox 1754 944 1787 972">
    <p class='ocr_par' dir='ltr' id='par_1_8' title="bbox 1754 944 1787 972">
     <span class='ocr_line' id='line_1_20' title="bbox 1754 944 1787 972; baseline -0.03 0"><span class='ocrx_word' id='word_1_145' title='bbox 1754 944 1787 972; x_wconf 87' lang='grc'>10</span> 
     </span>
    </p>
   </div>
   <div class='ocr_carea' id='block_1_9' title="bbox 1751 1284 1786 1312">
    <p class='ocr_par' dir='ltr' id='par_1_9' title="bbox 1751 1284 1786 1312">
     <span class='ocr_line' id='line_1_21' title="bbox 1751 1284 1786 1312; baseline 0 0"><span class='ocrx_word' id='word_1_146' title='bbox 1751 1284 1786 1312; x_wconf 81' lang='grc'>15</span> 
     </span>
    </p>
   </div>
   <div class='ocr_carea' id='block_1_10' title="bbox 233 1338 1784 1390">
    <p class='ocr_par' dir='ltr' id='par_1_10' title="bbox 233 1338 1784 1390">
     <span class='ocr_line' id='line_1_22' title="bbox 233 1338 1784 1390; baseline 0.003 -12"><span class='ocrx_word' id='word_1_147' title='bbox 233 1338 337 1379; x_wconf 84' lang='grc' dir='ltr'>ὅςτις</span> <span class='ocrx_word' id='word_1_148' title='bbox 377 1339 421 1378; x_wconf 83' lang='grc' dir='ltr'>δέ</span> <span class='ocrx_word' id='word_1_149' title='bbox 455 1338 498 1377; x_wconf 85' lang='grc' dir='ltr'>ἐν</span> <span class='ocrx_word' id='word_1_150' title='bbox 532 1341 590 1390; x_wconf 80' lang='grc' dir='ltr'>τῷ</span> <span class='ocrx_word' id='word_1_151' title='bbox 625 1338 734 1390; x_wconf 77' lang='grc' dir='ltr'>ἔργω</span> <span class='ocrx_word' id='word_1_152' title='bbox 775 1339 880 1379; x_wconf 77' lang='grc' dir='ltr'>ἐςται</span> <span class='ocrx_word' id='word_1_153' title='bbox 919 1340 1023 1389; x_wconf 79' lang='grc' dir='ltr'>ἀνὴρ</span> <span class='ocrx_word' id='word_1_154' title='bbox 1059 1340 1226 1387; x_wconf 82' lang='grc' dir='ltr'>ἀγαθός.</span> <span class='ocrx_word' id='word_1_155' title='bbox 1266 1343 1351 1379; x_wconf 78' lang='grc' dir='ltr'>τῶν</span> <span class='ocrx_word' id='word_1_156' title='bbox 1384 1353 1426 1379; x_wconf 91' lang='grc' dir='ltr'>τε</span> <span class='ocrx_word' id='word_1_157' title='bbox 1458 1341 1687 1389; x_wconf 86' lang='grc' dir='ltr'>προγονων</span> <span class='ocrx_word' id='word_1_158' title='bbox 1707 1355 1784 1387; x_wconf 75' lang='lat'><strong>‹172›</strong></span> 
     </span>
    </p>
   </div>
   <div class='ocr_carea' id='block_1_11' title="bbox 232 1407 1688 1526">
    <p class='ocr_par' dir='ltr' id='par_1_11' title="bbox 232 1407 1688 1526">
     <span class='ocr_line' id='line_1_23' title="bbox 232 1407 1688 1461; baseline 0.003 -16"><span class='ocrx_word' id='word_1_159' title='bbox 232 1408 304 1455; x_wconf 82' lang='grc' dir='ltr'>τήν</span> <span class='ocrx_word' id='word_1_160' title='bbox 339 1407 487 1456; x_wconf 77' lang='grc' dir='ltr'>ἀρετὴν</span> <span class='ocrx_word' id='word_1_161' title='bbox 519 1412 540 1453; x_wconf 76' lang='lat'>&lt;</span> <span class='ocrx_word' id='word_1_162' title='bbox 563 1408 660 1446; x_wconf 81' lang='grc' dir='ltr'>τοὺς</span> <span class='ocrx_word' id='word_1_163' title='bbox 689 1407 779 1447; x_wconf 75' lang='grc' dir='ltr'>καΘ“</span> <span class='ocrx_word' id='word_1_164' title='bbox 802 1408 968 1461; x_wconf 76' lang='grc' dir='ltr'>αὑτὸν&gt;</span> <span class='ocrx_word' id='word_1_165' title='bbox 994 1410 1213 1458; x_wconf 78' lang='grc' dir='ltr'>αναμνήςει</span> <span class='ocrx_word' id='word_1_166' title='bbox 1239 1411 1323 1448; x_wconf 88' lang='grc' dir='ltr'>τοῖς</span> <span class='ocrx_word' id='word_1_167' title='bbox 1349 1422 1391 1447; x_wconf 84' lang='grc' dir='ltr'>τε</span> <span class='ocrx_word' id='word_1_168' title='bbox 1418 1410 1550 1449; x_wconf 88' lang='grc' dir='ltr'>παιςὶν</span> <span class='ocrx_word' id='word_1_169' title='bbox 1578 1410 1688 1458; x_wconf 84' lang='grc' dir='ltr'>εὐγέ-</span> 
     </span>
     <span class='ocr_line' id='line_1_24' title="bbox 234 1475 1688 1526; baseline 0.006 -16"><span class='ocrx_word' id='word_1_170' title='bbox 234 1485 346 1512; x_wconf 89' lang='grc' dir='ltr'>νειαν</span> <span class='ocrx_word' id='word_1_171' title='bbox 386 1475 638 1523; x_wconf 84' lang='grc' dir='ltr'>καταλείψει·</span> <span class='ocrx_word' id='word_1_172' title='bbox 679 1479 762 1515; x_wconf 88' lang='grc' dir='ltr'>των</span> <span class='ocrx_word' id='word_1_173' title='bbox 795 1478 873 1526; x_wconf 80' lang='grc' dir='ltr'>γὰρ</span> <span class='ocrx_word' id='word_1_174' title='bbox 914 1478 957 1516; x_wconf 86' lang='grc' dir='ltr'>ἐν</span> <span class='ocrx_word' id='word_1_175' title='bbox 996 1479 1079 1516; x_wconf 86' lang='grc' dir='ltr'>τοῖς</span> <span class='ocrx_word' id='word_1_176' title='bbox 1119 1478 1266 1516; x_wconf 88' lang='grc' dir='ltr'>δεινοῖς</span> <span class='ocrx_word' id='word_1_177' title='bbox 1307 1478 1477 1525; x_wconf 81' lang='grc' dir='ltr'>ανδρων</span> <span class='ocrx_word' id='word_1_178' title='bbox 1516 1476 1688 1524; x_wconf 80' lang='grc' dir='ltr'>ἀγαθων</span> 
     </span>
    </p>
   </div>
   <div class='ocr_carea' id='block_1_12' title="bbox 169 1542 1226 1594">
    <p class='ocr_par' dir='ltr' id='par_1_12' title="bbox 169 1542 1226 1594">
     <span class='ocr_line' id='line_1_25' title="bbox 169 1542 1226 1594; baseline 0.004 -14"><span class='ocrx_word' id='word_1_179' title='bbox 169 1542 190 1575; x_wconf 81' lang='grc'>.“</span> <span class='ocrx_word' id='word_1_180' title='bbox 234 1543 489 1590; x_wconf 76' lang='grc' dir='ltr'>γιγνομὲνων</span> <span class='ocrx_word' id='word_1_181' title='bbox 525 1544 561 1583; x_wconf 77' lang='grc' dir='ltr'>οἱ</span> <span class='ocrx_word' id='word_1_182' title='bbox 594 1547 735 1585; x_wconf 90' lang='grc' dir='ltr'>παῖδες</span> <span class='ocrx_word' id='word_1_183' title='bbox 769 1546 943 1593; x_wconf 82' lang='grc' dir='ltr'>εὐγενεῖς</span> <span class='ocrx_word' id='word_1_184' title='bbox 976 1545 1226 1594; x_wconf 76' lang='grc' dir='ltr'>νομίζονται.</span> 
     </span>
    </p>
   </div>
   <div class='ocr_carea' id='block_1_13' title="bbox 226 1612 1686 2280">
    <p class='ocr_par' dir='ltr' id='par_1_13' title="bbox 226 1612 1686 2280">
     <span class='ocr_line' id='line_1_26' title="bbox 375 1612 1685 1667; baseline 0.002 -15"><span class='ocrx_word' id='word_1_185' title='bbox 375 1612 524 1652; x_wconf 80' lang='grc' dir='ltr'>Πολλὰ</span> <span class='ocrx_word' id='word_1_186' title='bbox 551 1614 596 1652; x_wconf 79' lang='grc' dir='ltr'>δὲ</span> <span class='ocrx_word' id='word_1_187' title='bbox 622 1615 795 1664; x_wconf 82' lang='grc' dir='ltr'>είρηκως</span> <span class='ocrx_word' id='word_1_188' title='bbox 820 1615 957 1662; x_wconf 78' lang='grc' dir='ltr'>ἀγαθὰ</span> <span class='ocrx_word' id='word_1_189' title='bbox 981 1613 1056 1655; x_wconf 88' lang='grc' dir='ltr'>ὅςα</span> <span class='ocrx_word' id='word_1_190' title='bbox 1079 1615 1229 1654; x_wconf 72' lang='grc' dir='ltr'>ἐιεςτιν</span> <span class='ocrx_word' id='word_1_191' title='bbox 1254 1616 1297 1655; x_wconf 85' lang='grc' dir='ltr'>ἐν</span> <span class='ocrx_word' id='word_1_192' title='bbox 1320 1619 1378 1667; x_wconf 79' lang='grc' dir='ltr'>τῷ</span> <span class='ocrx_word' id='word_1_193' title='bbox 1396 1617 1524 1667; x_wconf 75' lang='grc' dir='ltr'>νικᾶν,</span> <span class='ocrx_word' id='word_1_194' title='bbox 1547 1616 1685 1655; x_wconf 88' lang='grc' dir='ltr'>πολλὰ</span> 
     </span>
     <span class='ocr_line' id='line_1_27' title="bbox 230 1678 1686 1733; baseline 0.005 -16"><span class='ocrx_word' id='word_1_195' title='bbox 230 1678 348 1728; x_wconf 75' lang='grc' dir='ltr'>ἕτερα</span> <span class='ocrx_word' id='word_1_196' title='bbox 373 1681 550 1733; x_wconf 65' lang='grc' dir='ltr'>παρίημι,</span> <span class='ocrx_word' id='word_1_197' title='bbox 576 1681 635 1722; x_wconf 79' lang='grc' dir='ltr'>ὧν</span> <span class='ocrx_word' id='word_1_198' title='bbox 655 1682 709 1722; x_wconf 78' lang='grc' dir='ltr'>εἷς</span> <span class='ocrx_word' id='word_1_199' title='bbox 728 1683 895 1723; x_wconf 80' lang='grc' dir='ltr'>ἕκαςτος</span> <span class='ocrx_word' id='word_1_200' title='bbox 914 1683 1041 1722; x_wconf 75' lang='grc' dir='ltr'>αὑτὸν</span> <span class='ocrx_word' id='word_1_201' title='bbox 1062 1684 1373 1732; x_wconf 78' lang='grc' dir='ltr'>αναμιμνήςκων</span> <span class='ocrx_word' id='word_1_202' title='bbox 1398 1683 1504 1732; x_wconf 80' lang='grc' dir='ltr'>ἀνὴρ</span> <span class='ocrx_word' id='word_1_203' title='bbox 1528 1682 1686 1730; x_wconf 85' lang='grc' dir='ltr'>ἀγαθὸς</span> 
     </span>
     <span class='ocr_line' id='line_1_28' title="bbox 231 1748 1685 1805; baseline 0.005 -19"><span class='ocrx_word' id='word_1_204' title='bbox 231 1748 448 1793; x_wconf 81' lang='grc' dir='ltr'>γιγνέςθω·</span> <span class='ocrx_word' id='word_1_205' title='bbox 469 1749 543 1789; x_wconf 84' lang='grc' dir='ltr'>ὅςα</span> <span class='ocrx_word' id='word_1_206' title='bbox 563 1752 609 1790; x_wconf 81' lang='grc' dir='ltr'>δέ</span> <span class='ocrx_word' id='word_1_207' title='bbox 626 1751 675 1790; x_wconf 79' lang='grc' dir='ltr'>τὰ</span> <span class='ocrx_word' id='word_1_208' title='bbox 694 1752 952 1802; x_wconf 81' lang='grc' dir='ltr'>διαφέροντα</span> <span class='ocrx_word' id='word_1_209' title='bbox 971 1752 1016 1791; x_wconf 90' lang='grc' dir='ltr'>ἐν</span> <span class='ocrx_word' id='word_1_210' title='bbox 1035 1751 1146 1805; x_wconf 76' lang='grc' dir='ltr'>αὐτῷ</span> <span class='ocrx_word' id='word_1_211' title='bbox 1170 1756 1227 1805; x_wconf 77' lang='grc' dir='ltr'>τῷ</span> <span class='ocrx_word' id='word_1_212' title='bbox 1248 1754 1441 1802; x_wconf 82' lang='grc' dir='ltr'>μάχεςθαι</span> <span class='ocrx_word' id='word_1_213' title='bbox 1460 1751 1612 1791; x_wconf 78' lang='grc' dir='ltr'>ἐνεςτιν</span> <span class='ocrx_word' id='word_1_214' title='bbox 1630 1751 1685 1793; x_wconf 86' lang='grc' dir='ltr'>εἰς</span> 
     </span>
     <span class='ocr_line' id='line_1_29' title="bbox 230 1807 1677 1872; baseline 0.004 -18"><span class='ocrx_word' id='word_1_215' title='bbox 230 1815 276 1854; x_wconf 87' lang='grc' dir='ltr'>τὸ</span> <span class='ocrx_word' id='word_1_216' title='bbox 301 1818 494 1869; x_wconf 79' lang='grc' dir='ltr'>ςῲζεςθαί</span> <span class='ocrx_word' id='word_1_217' title='bbox 517 1832 559 1858; x_wconf 87' lang='grc' dir='ltr'>τε</span> <span class='ocrx_word' id='word_1_218' title='bbox 583 1819 646 1858; x_wconf 85' lang='grc' dir='ltr'>καὶ</span> <span class='ocrx_word' id='word_1_219' title='bbox 664 1807 986 1872; x_wconf 13' lang='grc' dir='ltr'>γδιαςρθείρεςθαι7</span> <span class='ocrx_word' id='word_1_220' title='bbox 1016 1823 1146 1860; x_wconf 80' lang='grc' dir='ltr'>ταῦτα</span> <span class='ocrx_word' id='word_1_221' title='bbox 1176 1822 1278 1870; x_wconf 72' lang='grc' dir='ltr'>ὑμᾶς</span> <span class='ocrx_word' id='word_1_222' title='bbox 1303 1821 1468 1862; x_wconf 74' lang='grc' dir='ltr'>διδάξω.</span> <span class='ocrx_word' id='word_1_223' title='bbox 1507 1824 1677 1870; x_wconf 81' lang='grc' dir='ltr'>πρωτον</span> 
     </span>
     <span class='ocr_line' id='line_1_30' title="bbox 228 1885 1681 1939; baseline 0.006 -17"><span class='ocrx_word' id='word_1_224' title='bbox 228 1885 300 1930; x_wconf 78' lang='grc' dir='ltr'>μὲν</span> <span class='ocrx_word' id='word_1_225' title='bbox 324 1885 369 1923; x_wconf 85' lang='grc' dir='ltr'>τὸ</span> <span class='ocrx_word' id='word_1_226' title='bbox 394 1888 507 1934; x_wconf 83' lang='grc' dir='ltr'>ςωμα</span> <span class='ocrx_word' id='word_1_227' title='bbox 538 1889 591 1927; x_wconf 88' lang='grc' dir='ltr'>είς</span> <span class='ocrx_word' id='word_1_228' title='bbox 619 1888 666 1926; x_wconf 87' lang='grc' dir='ltr'>το</span> <span class='ocrx_word' id='word_1_229' title='bbox 696 1888 926 1937; x_wconf 80' lang='grc' dir='ltr'>ἐμπροςθεν</span> <span class='ocrx_word' id='word_1_230' title='bbox 948 1890 1110 1939; x_wconf 71' lang='grc' dir='ltr'>πέφυκε</span> <span class='ocrx_word' id='word_1_231' title='bbox 1135 1891 1198 1929; x_wconf 82' lang='grc' dir='ltr'>καὶ</span> <span class='ocrx_word' id='word_1_232' title='bbox 1223 1889 1398 1939; x_wconf 76' lang='grc' dir='ltr'>βαδίζειν</span> <span class='ocrx_word' id='word_1_233' title='bbox 1423 1889 1486 1928; x_wconf 89' lang='grc' dir='ltr'>καὶ</span> <span class='ocrx_word' id='word_1_234' title='bbox 1509 1890 1681 1938; x_wconf 74' lang='grc' dir='ltr'>βλέπειν.</span> 
     </span>
     <span class='ocr_line' id='line_1_31' title="bbox 230 1950 1684 2007; baseline 0.006 -17"><span class='ocrx_word' id='word_1_235' title='bbox 230 1950 366 1991; x_wconf 79' lang='grc' dir='ltr'>ἔπειτα</span> <span class='ocrx_word' id='word_1_236' title='bbox 398 1955 447 1994; x_wconf 83' lang='grc' dir='ltr'>τὰ</span> <span class='ocrx_word' id='word_1_237' title='bbox 481 1954 605 1995; x_wconf 89' lang='grc' dir='ltr'>ὅπλα·</span> <span class='ocrx_word' id='word_1_238' title='bbox 626 1955 763 1996; x_wconf 68' lang='grc' dir='ltr'>οὕτως</span> <span class='ocrx_word' id='word_1_239' title='bbox 797 1957 963 2007; x_wconf 80' lang='grc' dir='ltr'>ευρηται</span> <span class='ocrx_word' id='word_1_240' title='bbox 997 1958 1226 2007; x_wconf 76' lang='grc' dir='ltr'>ἔμπροςθεν</span> <span class='ocrx_word' id='word_1_241' title='bbox 1259 1960 1334 1997; x_wconf 81' lang='grc' dir='ltr'>τοῦ</span> <span class='ocrx_word' id='word_1_242' title='bbox 1369 1958 1557 2006; x_wconf 84' lang='grc' dir='ltr'>ςώματος</span> <span class='ocrx_word' id='word_1_243' title='bbox 1583 1971 1684 2007; x_wconf 90' lang='grc' dir='ltr'>προ-</span> 
     </span>
     <span class='ocr_line' id='line_1_32' title="bbox 230 2022 1681 2076; baseline 0.006 -16"><span class='ocrx_word' id='word_1_244' title='bbox 230 2022 456 2070; x_wconf 65' lang='grc' dir='ltr'>βεβλῆςθαι,</span> <span class='ocrx_word' id='word_1_245' title='bbox 491 2024 512 2072; x_wconf 85' lang='grc' dir='ltr'>ἡ</span> <span class='ocrx_word' id='word_1_246' title='bbox 538 2025 611 2072; x_wconf 82' lang='grc' dir='ltr'>μέν</span> <span class='ocrx_word' id='word_1_247' title='bbox 646 2024 759 2065; x_wconf 80' lang='grc' dir='ltr'>ἀςπὶς</span> <span class='ocrx_word' id='word_1_248' title='bbox 785 2027 860 2065; x_wconf 77' lang='grc' dir='ltr'>τοῦ</span> <span class='ocrx_word' id='word_1_249' title='bbox 890 2027 941 2074; x_wconf 84' lang='grc' dir='ltr'>μή</span> <span class='ocrx_word' id='word_1_250' title='bbox 974 2029 1276 2076; x_wconf 79' lang='grc' dir='ltr'>τιτρωςκεςθαι,</span> <span class='ocrx_word' id='word_1_251' title='bbox 1310 2026 1357 2065; x_wconf 84' lang='grc' dir='ltr'>το</span> <span class='ocrx_word' id='word_1_252' title='bbox 1392 2027 1438 2064; x_wconf 77' lang='grc' dir='ltr'>δὲ</span> <span class='ocrx_word' id='word_1_253' title='bbox 1471 2025 1578 2075; x_wconf 85' lang='grc' dir='ltr'>δόρυ</span> <span class='ocrx_word' id='word_1_254' title='bbox 1604 2029 1681 2068; x_wconf 81' lang='grc' dir='ltr'>τοῦ</span> 
     </span>
     <span class='ocr_line' id='line_1_33' title="bbox 226 2086 1682 2144; baseline 0.005 -17"><span class='ocrx_word' id='word_1_255' title='bbox 226 2086 458 2141; x_wconf 64' lang='grc' dir='ltr'>ἀμύνεςΘαι,</span> <span class='ocrx_word' id='word_1_256' title='bbox 502 2091 602 2131; x_wconf 81' lang='grc' dir='ltr'>ὥςτε</span> <span class='ocrx_word' id='word_1_257' title='bbox 636 2093 707 2131; x_wconf 82' lang='grc' dir='ltr'>ἐὰν</span> <span class='ocrx_word' id='word_1_258' title='bbox 744 2093 944 2142; x_wconf 75' lang='grc' dir='ltr'>βούληςθε</span> <span class='ocrx_word' id='word_1_259' title='bbox 978 2095 1032 2134; x_wconf 80' lang='grc' dir='ltr'>εἰς</span> <span class='ocrx_word' id='word_1_260' title='bbox 1063 2095 1110 2133; x_wconf 84' lang='grc' dir='ltr'>τὸ</span> <span class='ocrx_word' id='word_1_261' title='bbox 1145 2094 1377 2143; x_wconf 77' lang='grc' dir='ltr'>ἕμπροςθεν</span> <span class='ocrx_word' id='word_1_262' title='bbox 1406 2095 1584 2144; x_wconf 76' lang='grc' dir='ltr'>βαδίζειν</span> <span class='ocrx_word' id='word_1_263' title='bbox 1618 2095 1682 2136; x_wconf 83' lang='grc' dir='ltr'>ἐπὶ</span> 
     </span>
     <span class='ocr_line' id='line_1_34' title="bbox 227 2155 1681 2214; baseline 0.006 -19"><span class='ocrx_word' id='word_1_264' title='bbox 227 2155 274 2195; x_wconf 82' lang='grc' dir='ltr'>τὸ</span> <span class='ocrx_word' id='word_1_265' title='bbox 305 2157 546 2207; x_wconf 81' lang='grc' dir='ltr'>μαχόμενον</span> <span class='ocrx_word' id='word_1_266' title='bbox 576 2160 636 2199; x_wconf 81' lang='grc' dir='ltr'>ἀεὶ</span> <span class='ocrx_word' id='word_1_267' title='bbox 664 2160 828 2207; x_wconf 56' lang='grc' dir='ltr'>πάντες,</span> <span class='ocrx_word' id='word_1_268' title='bbox 858 2161 1082 2202; x_wconf 82' lang='grc' dir='ltr'>ἀκούοντες</span> <span class='ocrx_word' id='word_1_269' title='bbox 1111 2163 1160 2202; x_wconf 79' lang='grc' dir='ltr'>τὰ</span> <span class='ocrx_word' id='word_1_270' title='bbox 1185 2163 1390 2212; x_wconf 83' lang='grc' dir='ltr'>λεγόμενα</span> <span class='ocrx_word' id='word_1_271' title='bbox 1413 2164 1476 2202; x_wconf 85' lang='grc' dir='ltr'>καὶ</span> <span class='ocrx_word' id='word_1_272' title='bbox 1502 2163 1552 2202; x_wconf 86' lang='grc' dir='ltr'>τὰ</span> <span class='ocrx_word' id='word_1_273' title='bbox 1581 2177 1681 2214; x_wconf 89' lang='grc' dir='ltr'>παρ-</span> 
     </span>
     <span class='ocr_line' id='line_1_35' title="bbox 228 2225 1680 2280; baseline 0.007 -17"><span class='ocrx_word' id='word_1_274' title='bbox 228 2225 511 2275; x_wconf 84' lang='grc' dir='ltr'>αγγελλόμενα</span> <span class='ocrx_word' id='word_1_275' title='bbox 543 2230 773 2276; x_wconf 73' lang='grc' dir='ltr'>ποιοῦντες,</span> <span class='ocrx_word' id='word_1_276' title='bbox 806 2229 1200 2280; x_wconf 81' lang='grc' dir='ltr'>ἀναμιμνηςκομενοι</span> <span class='ocrx_word' id='word_1_277' title='bbox 1232 2234 1438 2279; x_wconf 70' lang='grc' dir='ltr'>&lt;τώνδε&gt;</span> <span class='ocrx_word' id='word_1_278' title='bbox 1470 2234 1555 2271; x_wconf 81' lang='grc' dir='ltr'>τῶν</span> <span class='ocrx_word' id='word_1_279' title='bbox 1583 2232 1680 2279; x_wconf 85' lang='grc' dir='ltr'>ἀγα-</span> 
     </span>
    </p>
   </div>
   <div class='ocr_carea' id='block_1_14' title="bbox 331 2305 450 2311">
    <p class='ocr_par' dir='ltr' id='par_1_14' title="bbox 331 2305 450 2311">
     <span class='ocr_line' id='line_1_36' title="bbox 331 2305 450 2311; baseline 0 0"><span class='ocrx_word' id='word_1_280' title='bbox 331 2305 450 2311; x_wconf 95' lang='lat' dir='ltr'> </span> 
     </span>
    </p>
   </div>
   <div class='ocr_carea' id='block_1_15' title="bbox 224 2348 1678 3006">
    <p class='ocr_par' dir='ltr' id='par_1_15' title="bbox 224 2348 1678 3006">
     <span class='ocr_line' id='line_1_37' title="bbox 228 2348 1678 2397; baseline 0.006 -17"><span class='ocrx_word' id='word_1_281' title='bbox 228 2348 249 2380; x_wconf 79' lang='grc'>2</span> <span class='ocrx_word' id='word_1_282' title='bbox 276 2348 448 2383; x_wconf 73' lang='lat' dir='ltr'>lacunam</span> <span class='ocrx_word' id='word_1_283' title='bbox 482 2352 575 2394; x_wconf 74' lang='lat' dir='ltr'>expl.</span> <span class='ocrx_word' id='word_1_284' title='bbox 610 2351 687 2385; x_wconf 71' lang='lat' dir='ltr'>Keil</span> <span class='ocrx_word' id='word_1_285' title='bbox 836 2353 858 2386; x_wconf 64' lang='lat'>4.</span> <span class='ocrx_word' id='word_1_286' title='bbox 888 2354 1005 2397; x_wconf 57' lang='grc' dir='ltr'>&lt;καὶ&gt;</span> <span class='ocrx_word' id='word_1_287' title='bbox 1040 2354 1152 2396; x_wconf 85' lang='grc' dir='ltr'>ἱεροῖς</span> <span class='ocrx_word' id='word_1_288' title='bbox 1186 2354 1228 2387; x_wconf 71' lang='grc' dir='ltr'>(τί.</span> <span class='ocrx_word' id='word_1_289' title='bbox 1256 2355 1319 2387; x_wconf 65' lang='lat' dir='ltr'>Ilo.</span> <span class='ocrx_word' id='word_1_290' title='bbox 1474 2354 1587 2396; x_wconf 82' lang='grc' dir='ltr'>ἱεροῖς</span> <span class='ocrx_word' id='word_1_291' title='bbox 1620 2355 1678 2389; x_wconf 84' lang='grc' dir='ltr'>καὶ</span> 
     </span>
     <span class='ocr_line' id='line_1_38' title="bbox 228 2406 1676 2455; baseline 0.006 -18"><span class='ocrx_word' id='word_1_292' title='bbox 228 2406 422 2447; x_wconf 80' lang='grc' dir='ltr'>πατρώοις</span> <span class='ocrx_word' id='word_1_293' title='bbox 448 2407 510 2441; x_wconf 82' lang='lat' dir='ltr'>ZM</span> <span class='ocrx_word' id='word_1_294' title='bbox 646 2409 853 2451; x_wconf 86' lang='grc' dir='ltr'>προγόνων</span> <span class='ocrx_word' id='word_1_295' title='bbox 880 2422 899 2444; x_wconf 57' lang='grc' dir='ltr'>ε»</span> <span class='ocrx_word' id='word_1_296' title='bbox 926 2409 1121 2454; x_wconf 77' lang='grc' dir='ltr'>προγόνων</span> <span class='ocrx_word' id='word_1_297' title='bbox 1150 2422 1241 2443; x_wconf 68' lang='lat' dir='ltr'>(forr.</span> <span class='ocrx_word' id='word_1_298' title='bbox 1263 2411 1306 2443; x_wconf 78' lang='grc' dir='ltr'>Βι</span> <span class='ocrx_word' id='word_1_299' title='bbox 1444 2411 1465 2442; x_wconf 70' lang='grc' dir='ltr'><strong>ὦ</strong></span> <span class='ocrx_word' id='word_1_300' title='bbox 1491 2411 1592 2455; x_wconf 83' lang='grc' dir='ltr'>τοὺς]</span> <span class='ocrx_word' id='word_1_301' title='bbox 1620 2411 1676 2446; x_wconf 78' lang='lat' dir='ltr'>bis</span> 
     </span>
     <span class='ocr_line' id='line_1_39' title="bbox 227 2460 1628 2510; baseline 0.007 -17"><span class='ocrx_word' id='word_1_302' title='bbox 227 2460 255 2493; x_wconf 89' lang='lat' dir='ltr'>B</span> <span class='ocrx_word' id='word_1_303' title='bbox 282 2464 317 2494; x_wconf 79' lang='lat' dir='ltr'>el</span> <span class='ocrx_word' id='word_1_304' title='bbox 348 2462 387 2503; x_wconf 70' lang='lat' dir='ltr'>L,</span> <span class='ocrx_word' id='word_1_305' title='bbox 425 2462 483 2495; x_wconf 84' lang='lat' dir='ltr'>hic</span> <span class='ocrx_word' id='word_1_306' title='bbox 521 2464 665 2507; x_wconf 64' lang='lat' dir='ltr'>quidem</span> <span class='ocrx_word' id='word_1_307' title='bbox 704 2465 741 2498; x_wconf 85' lang='lat' dir='ltr'>in</span> <span class='ocrx_word' id='word_1_308' title='bbox 777 2466 848 2499; x_wconf 77' lang='lat' dir='ltr'>lin(¹</span> <span class='ocrx_word' id='word_1_309' title='bbox 887 2467 1017 2509; x_wconf 69' lang='lat' dir='ltr'>prioris</span> <span class='ocrx_word' id='word_1_310' title='bbox 1051 2470 1085 2501; x_wconf 76' lang='lat' dir='ltr'>et</span> <span class='ocrx_word' id='word_1_311' title='bbox 1122 2467 1226 2501; x_wconf 82' lang='lat' dir='ltr'>inilio</span> <span class='ocrx_word' id='word_1_312' title='bbox 1263 2467 1476 2510; x_wconf 57' lang='lat' dir='ltr'>misterioris</span> <span class='ocrx_word' id='word_1_313' title='bbox 1508 2468 1628 2503; x_wconf 78' lang='lat' dir='ltr'>lineae</span> 
     </span>
     <span class='ocr_line' id='line_1_40' title="bbox 226 2517 1676 2569; baseline 0.007 -19"><span class='ocrx_word' id='word_1_314' title='bbox 226 2517 337 2558; x_wconf 82' lang='grc' dir='ltr'>ἡμῶν</span> <span class='ocrx_word' id='word_1_315' title='bbox 364 2519 448 2553; x_wconf 81' lang='lat' dir='ltr'>BLZ</span> <span class='ocrx_word' id='word_1_316' title='bbox 572 2522 918 2565; x_wconf 84' lang='grc' dir='ltr'>ἀντιγηροτροφεῖν</span> <span class='ocrx_word' id='word_1_317' title='bbox 940 2524 976 2557; x_wconf 91' lang='lat' dir='ltr'>in</span> <span class='ocrx_word' id='word_1_318' title='bbox 997 2535 1109 2568; x_wconf 76' lang='lat' dir='ltr'>marg.</span> <span class='ocrx_word' id='word_1_319' title='bbox 1130 2525 1155 2558; x_wconf 89' lang='lat' dir='ltr'><strong>Z</strong></span> <span class='ocrx_word' id='word_1_320' title='bbox 1171 2528 1180 2545; x_wconf 87' lang='lat'>¹</span> <span class='ocrx_word' id='word_1_321' title='bbox 1308 2525 1344 2557; x_wconf 87' lang='grc'>11</span> <span class='ocrx_word' id='word_1_322' title='bbox 1374 2523 1556 2569; x_wconf 85' lang='grc' dir='ltr'>καλλίους]</span> <span class='ocrx_word' id='word_1_323' title='bbox 1583 2525 1593 2558; x_wconf 89' lang='lat' dir='ltr'>i</span> <span class='ocrx_word' id='word_1_324' title='bbox 1621 2526 1676 2560; x_wconf 90' lang='lat' dir='ltr'>in-</span> 
     </span>
     <span class='ocr_line' id='line_1_41' title="bbox 226 2575 1627 2624; baseline 0.007 -18"><span class='ocrx_word' id='word_1_325' title='bbox 226 2584 296 2607; x_wconf 79' lang='lat' dir='ltr'>ser.</span> <span class='ocrx_word' id='word_1_326' title='bbox 316 2575 360 2607; x_wconf 88' lang='lat' dir='ltr'>L¹</span> <span class='ocrx_word' id='word_1_327' title='bbox 484 2577 527 2610; x_wconf 76' lang='lat'>12</span> <span class='ocrx_word' id='word_1_328' title='bbox 554 2588 607 2610; x_wconf 90' lang='grc' dir='ltr'>τις</span> <span class='ocrx_word' id='word_1_329' title='bbox 634 2579 727 2622; x_wconf 61' lang='lat' dir='ltr'>Alth]</span> <span class='ocrx_word' id='word_1_330' title='bbox 748 2591 782 2612; x_wconf 91' lang='grc' dir='ltr'>τι</span> <span class='ocrx_word' id='word_1_331' title='bbox 808 2580 887 2613; x_wconf 90' lang='lat' dir='ltr'>libri</span> <span class='ocrx_word' id='word_1_332' title='bbox 1016 2582 1058 2614; x_wconf 67' lang='lat'>123</span> <span class='ocrx_word' id='word_1_333' title='bbox 1087 2581 1238 2623; x_wconf 82' lang='grc' dir='ltr'>εὐγενὴς</span> <span class='ocrx_word' id='word_1_334' title='bbox 1257 2580 1350 2624; x_wconf 58' lang='lat' dir='ltr'>Alii]</span> <span class='ocrx_word' id='word_1_335' title='bbox 1375 2581 1525 2623; x_wconf 80' lang='grc' dir='ltr'>εὐτελὴς</span> <span class='ocrx_word' id='word_1_336' title='bbox 1545 2582 1627 2616; x_wconf 84' lang='lat' dir='ltr'>libri</span> 
     </span>
     <span class='ocr_line' id='line_1_42' title="bbox 226 2631 1675 2681; baseline 0.007 -19"><span class='ocrx_word' id='word_1_337' title='bbox 226 2631 305 2663; x_wconf 84' lang='grc' dir='ltr'>τοῖς</span> <span class='ocrx_word' id='word_1_338' title='bbox 331 2631 384 2675; x_wconf 75' lang='grc' dir='ltr'>τε]</span> <span class='ocrx_word' id='word_1_339' title='bbox 411 2631 468 2665; x_wconf 87' lang='grc' dir='ltr'>καὶ</span> <span class='ocrx_word' id='word_1_340' title='bbox 494 2635 572 2667; x_wconf 87' lang='grc' dir='ltr'>τοῖς</span> <span class='ocrx_word' id='word_1_341' title='bbox 598 2635 676 2669; x_wconf 76' lang='lat' dir='ltr'>Ald.</span> <span class='ocrx_word' id='word_1_342' title='bbox 808 2637 914 2670; x_wconf 81' lang='grc' dir='ltr'>παιςὺ</span> <span class='ocrx_word' id='word_1_343' title='bbox 943 2637 969 2670; x_wconf 88' lang='grc' dir='ltr'><em>Β</em></span> <span class='ocrx_word' id='word_1_344' title='bbox 1099 2638 1310 2678; x_wconf 82' lang='grc' dir='ltr'>δυςγένειαν</span> <span class='ocrx_word' id='word_1_345' title='bbox 1337 2637 1429 2681; x_wconf 59' lang='lat' dir='ltr'>Am}</span> <span class='ocrx_word' id='word_1_346' title='bbox 1459 2638 1675 2678; x_wconf 82' lang='grc' dir='ltr'>δυςμένειαν</span> 
     </span>
     <span class='ocr_line' id='line_1_43' title="bbox 226 2685 1673 2740; baseline 0.007 -22"><span class='ocrx_word' id='word_1_347' title='bbox 226 2685 309 2719; x_wconf 86' lang='lat' dir='ltr'>libri</span> <span class='ocrx_word' id='word_1_348' title='bbox 432 2689 599 2729; x_wconf 79' lang='grc' dir='ltr'>εὐγενίαν</span> <span class='ocrx_word' id='word_1_349' title='bbox 626 2691 653 2724; x_wconf 87' lang='grc' dir='ltr'>Β</span> <span class='ocrx_word' id='word_1_350' title='bbox 775 2692 988 2734; x_wconf 83' lang='grc' dir='ltr'>καταλείψει</span> <span class='ocrx_word' id='word_1_351' title='bbox 1015 2694 1056 2727; x_wconf 84' lang='lat' dir='ltr'>ci.</span> <span class='ocrx_word' id='word_1_352' title='bbox 1078 2694 1186 2727; x_wconf 76' lang='lat' dir='ltr'>ssekk.</span> <span class='ocrx_word' id='word_1_353' title='bbox 1312 2694 1353 2727; x_wconf 78' lang='lat'>17</span> <span class='ocrx_word' id='word_1_354' title='bbox 1382 2694 1495 2728; x_wconf 72' lang='lat' dir='ltr'>verba</span> <span class='ocrx_word' id='word_1_355' title='bbox 1521 2694 1673 2740; x_wconf 83' lang='lat' dir='ltr'>inserui]</span> 
     </span>
     <span class='ocr_line' id='line_1_44' title="bbox 224 2744 1626 2791; baseline 0.007 -16"><span class='ocrx_word' id='word_1_356' title='bbox 224 2744 303 2775; x_wconf 88' lang='grc' dir='ltr'>τοῖς</span> <span class='ocrx_word' id='word_1_357' title='bbox 336 2744 421 2786; x_wconf 85' lang='grc' dir='ltr'>περὶ</span> <span class='ocrx_word' id='word_1_358' title='bbox 455 2746 570 2779; x_wconf 80' lang='grc' dir='ltr'>αὐτοῦ</span> <span class='ocrx_word' id='word_1_359' title='bbox 611 2747 808 2781; x_wconf 83' lang='grc' dir='ltr'>ἀκούουςιν</span> <span class='ocrx_word' id='word_1_360' title='bbox 848 2750 1021 2783; x_wconf 72' lang='lat' dir='ltr'>subaudit</span> <span class='ocrx_word' id='word_1_361' title='bbox 1059 2751 1122 2783; x_wconf 77' lang='lat' dir='ltr'>Re.</span> <span class='ocrx_word' id='word_1_362' title='bbox 1247 2751 1290 2784; x_wconf 74' lang='lat'>19</span> <span class='ocrx_word' id='word_1_363' title='bbox 1324 2751 1536 2791; x_wconf 80' lang='grc' dir='ltr'>γινομένων</span> <span class='ocrx_word' id='word_1_364' title='bbox 1571 2751 1626 2785; x_wconf 92' lang='lat' dir='ltr'>LZ</span> 
     </span>
     <span class='ocr_line' id='line_1_45' title="bbox 225 2798 1673 2849; baseline 0.008 -18"><span class='ocrx_word' id='word_1_365' title='bbox 225 2798 271 2831; x_wconf 80' lang='lat'>20</span> <span class='ocrx_word' id='word_1_366' title='bbox 299 2799 412 2833; x_wconf 82' lang='grc' dir='ltr'>ἐνεςτι</span> <span class='ocrx_word' id='word_1_367' title='bbox 438 2802 494 2835; x_wconf 76' lang='lat' dir='ltr'>BZ</span> <span class='ocrx_word' id='word_1_368' title='bbox 616 2803 659 2836; x_wconf 75' lang='lat'>21</span> <span class='ocrx_word' id='word_1_369' title='bbox 690 2803 740 2837; x_wconf 84' lang='grc' dir='ltr'>εἷς</span> <span class='ocrx_word' id='word_1_370' title='bbox 767 2804 810 2838; x_wconf 69' lang='lat' dir='ltr'>ci.</span> <span class='ocrx_word' id='word_1_371' title='bbox 835 2805 927 2849; x_wconf 81' lang='lat' dir='ltr'>Keil]</span> <span class='ocrx_word' id='word_1_372' title='bbox 957 2807 1020 2839; x_wconf 87' lang='grc' dir='ltr'>ὅτε</span> <span class='ocrx_word' id='word_1_373' title='bbox 1046 2806 1146 2842; x_wconf 80' lang='lat' dir='ltr'>libri:</span> <span class='ocrx_word' id='word_1_374' title='bbox 1175 2808 1229 2840; x_wconf 85' lang='grc' dir='ltr'>ὧν</span> <span class='ocrx_word' id='word_1_375' title='bbox 1256 2810 1334 2842; x_wconf 83' lang='grc' dir='ltr'>νῦν,</span> <span class='ocrx_word' id='word_1_376' title='bbox 1362 2808 1497 2844; x_wconf 79' lang='grc' dir='ltr'>εἴποτε,</span> <span class='ocrx_word' id='word_1_377' title='bbox 1526 2808 1673 2842; x_wconf 83' lang='grc' dir='ltr'>ἕκαςτος</span> 
     </span>
     <span class='ocr_line' id='line_1_46' title="bbox 225 2855 1670 2908; baseline 0.006 -19"><span class='ocrx_word' id='word_1_378' title='bbox 225 2855 269 2889; x_wconf 84' lang='lat' dir='ltr'>ci.</span> <span class='ocrx_word' id='word_1_379' title='bbox 283 2857 346 2891; x_wconf 75' lang='lat' dir='ltr'>Re.</span> <span class='ocrx_word' id='word_1_380' title='bbox 463 2860 577 2892; x_wconf 85' lang='grc' dir='ltr'>αὑτὸν</span> <span class='ocrx_word' id='word_1_381' title='bbox 592 2860 685 2904; x_wconf 81' lang='lat' dir='ltr'>A1d.]</span> <span class='ocrx_word' id='word_1_382' title='bbox 703 2862 828 2894; x_wconf 76' lang='grc' dir='ltr'>αὐτῶν</span> <span class='ocrx_word' id='word_1_383' title='bbox 843 2863 919 2898; x_wconf 80' lang='grc' dir='ltr'>ΑΜ,</span> <span class='ocrx_word' id='word_1_384' title='bbox 937 2864 1062 2896; x_wconf 77' lang='grc' dir='ltr'>αὐτῶν</span> <span class='ocrx_word' id='word_1_385' title='bbox 1080 2863 1162 2897; x_wconf 79' lang='lat' dir='ltr'>BLZ</span> <span class='ocrx_word' id='word_1_386' title='bbox 1277 2864 1320 2897; x_wconf 76' lang='lat'>27</span> <span class='ocrx_word' id='word_1_387' title='bbox 1342 2863 1390 2897; x_wconf 84' lang='grc' dir='ltr'>εἰς</span> <span class='ocrx_word' id='word_1_388' title='bbox 1409 2864 1452 2896; x_wconf 87' lang='grc' dir='ltr'>τὸ</span> <span class='ocrx_word' id='word_1_389' title='bbox 1477 2875 1587 2908; x_wconf 83' lang='lat' dir='ltr'>super</span> <span class='ocrx_word' id='word_1_390' title='bbox 1610 2864 1670 2898; x_wconf 87' lang='lat' dir='ltr'>lin.</span> 
     </span>
     <span class='ocr_line' id='line_1_47' title="bbox 225 2912 1672 2963; baseline 0.008 -19"><span class='ocrx_word' id='word_1_391' title='bbox 225 2912 310 2945; x_wconf 83' lang='lat' dir='ltr'>add.</span> <span class='ocrx_word' id='word_1_392' title='bbox 339 2914 385 2947; x_wconf 78' lang='grc' dir='ltr'>Β1</span> <span class='ocrx_word' id='word_1_393' title='bbox 511 2917 557 2949; x_wconf 73' lang='grc'>28</span> <span class='ocrx_word' id='word_1_394' title='bbox 583 2919 930 2962; x_wconf 71' lang='grc' dir='ltr'>παραγγελλόμενα]</span> <span class='ocrx_word' id='word_1_395' title='bbox 965 2920 1123 2953; x_wconf 79' lang='lat' dir='ltr'>alterum</span> <span class='ocrx_word' id='word_1_396' title='bbox 1149 2922 1169 2952; x_wconf 89' lang='grc' dir='ltr'>λ</span> <span class='ocrx_word' id='word_1_397' title='bbox 1196 2920 1253 2953; x_wconf 85' lang='lat' dir='ltr'>ad.</span> <span class='ocrx_word' id='word_1_398' title='bbox 1274 2920 1342 2963; x_wconf 72' lang='lat' dir='ltr'>L.¹,</span> <span class='ocrx_word' id='word_1_399' title='bbox 1378 2921 1468 2960; x_wconf 85' lang='grc' dir='ltr'>με’να</span> <span class='ocrx_word' id='word_1_400' title='bbox 1495 2920 1532 2954; x_wconf 90' lang='lat' dir='ltr'>in</span> <span class='ocrx_word' id='word_1_401' title='bbox 1560 2932 1620 2955; x_wconf 83' lang='lat' dir='ltr'>ras</span> <span class='ocrx_word' id='word_1_402' title='bbox 1646 2921 1672 2954; x_wconf 94' lang='lat' dir='ltr'><strong>Z</strong></span> 
     </span>
     <span class='ocr_line' id='line_1_48' title="bbox 225 2969 584 3006; baseline 0.011 -4"><span class='ocrx_word' id='word_1_403' title='bbox 225 2969 271 3002; x_wconf 82' lang='lat'>:29</span> <span class='ocrx_word' id='word_1_404' title='bbox 296 2973 418 3004; x_wconf 82' lang='grc' dir='ltr'>τῶνδε</span> <span class='ocrx_word' id='word_1_405' title='bbox 445 2972 584 3006; x_wconf 73' lang='lat' dir='ltr'>inserui</span> 
     </span>
    </p>
   </div>
   <div class='ocr_carea' id='block_1_16' title="bbox 1746 1628 1782 1656">
    <p class='ocr_par' dir='ltr' id='par_1_16' title="bbox 1746 1628 1782 1656">
     <span class='ocr_line' id='line_1_49' title="bbox 1746 1628 1782 1656; baseline -0.028 0"><span class='ocrx_word' id='word_1_406' title='bbox 1746 1628 1782 1656; x_wconf 84' lang='lat'>20</span> 
     </span>
    </p>
   </div>
  </div>
 </body>
</html>
