1950 3282
118 285 172 313 656

119 320 195 353 (173)

137 914 170 941 10

215 296 288 342 τῆς
336 293 531 343 ὑμετέρας
586 293 724 332 αὐτῶν
773 291 969 339 πατρίδος
1017 290 1240 339 μέλλοντας
1290 288 1547 336 ἀγωνιεῑςθαι
1595 290 1658 328 καὶ

214 360 337 401 ὄντας
374 361 566 410 πατέρων
607 360 778 406 ἀγαθῶν
816 359 1029 400 τοιούτους
1068 358 1232 399 ἔςεςθαι.
1283 359 1307 407 ἢ
1347 357 1445 397 ἀλλο
1484 371 1518 397 τι
1557 371 1658 407 παρ-

215 429 458 469 αςκευάςατε
486 429 650 468 κάλλιον
677 431 849 478 ςημεῑον.
892 428 994 467 ὥςτε
1021 426 1072 466 οὐ
1096 428 1158 466 δεῖ
1180 426 1383 475 ὑπεριδεῖν
1406 425 1503 465 οὔτε
1527 425 1658 473 λόγου

214 496 311 536 οὔτε
362 496 487 546 ἔργου
532 496 707 536 οὐδενὸς
758 497 857 536 οὐδὲ
905 496 934 549 “l
973 496 1024 544 μή
1069 497 1152 534 τοῖς
1197 494 1369 542 ἑτοίμοις
1414 493 1659 543 παρακελεύ-

213 567 333 603 εςθαι.
386 564 488 603 ἀλλὰ
525 566 650 603 τοῦτο
685 564 734 612 δή
775 577 839 613 μοι
879 565 992 602 δοκεῖ
1030 563 1093 601 καὶ
1132 562 1298 610 μάλιςτα
1337 563 1484 610 χρῆναι
1521 564 1661 601 ποιεῖν.

212 634 296 672 τοῖς
329 634 399 681 μὲν
432 633 511 682 γὰρ
536 634 662 681 <μή>
685 633 869 672 θέλουςιν
903 631 1072 678 ἀγαθοῖς
1106 627 1204 670 εἶναι
1232 629 1405 678 μάταιον
1433 630 1497 668 καὶ
1529 630 1659 676 λέγειν

212 701 275 739 καὶ
308 703 453 744 ποιεῖν,
488 701 716 741 ςπεύὸοντα
750 699 866 739 ὅπως
899 698 1058 739 ἔςονται
1091 698 1251 745 ἀγαθοί,
1283 700 1368 737 τοῖς
1401 699 1447 736 δὲ
1480 697 1660 737 εθέλουςί

212 780 259 814 γε
276 770 400 816 <καὶ>
419 769 688 817 βουλομένοις
700 767 954 807 τούναντίον.
978 768 1132 806 παντὸς
1143 767 1222 814 γὰρ
1237 766 1660 816 πράγματοςὲπίὸοςίς

213 834 327 883 ἐςτιν,
360 835 437 876 ἔςτ’
457 836 506 876 ἂν
539 837 655 875 τέλος
682 835 772 886 ἔχῃ·
812 835 874 874 καὶ
901 834 1053 884 ἀρετὴν
1079 836 1265 874 πλεῑςτον
1293 834 1343 874 ἂν
1371 833 1507 884 εὕροις
1530 834 1661 873 αὐτοῦ

213 904 487 946 ἐπιοιὸοῦςαν,
515 903 624 944 ὅπου
653 904 836 952 μεγίςτην
865 903 927 941 καὶ
953 904 1068 951 τιμὴν
1096 902 1178 951 ἔχει
1205 903 1268 941 καὶ
1296 900 1436 941 ἄθλοις
1463 903 1526 941 καὶ
1553 902 1661 941 ἐπαῖ-

213 984 310 1011 νοις.
339 971 506 1022 οὔκουν,
521 972 623 1021 ὅπερ
640 968 755 1011 εἷπον
771 971 894 1022 ὀλίγῳ
914 970 1106 1018 πρόςθεν,
1124 970 1258 1009 οὐδεὶς
1277 970 1327 1009 ἂν
1347 970 1510 1009 κάλλιον
1528 983 1660 1019 παρα-

213 1039 400 1079 ςκευάςαι
411 1042 586 1089 ςημεῖον.
601 1038 693 1079 ῶςτ’
703 1041 734 1079 εί
744 1040 807 1077 καὶ
817 1039 894 1077 νῦν
907 1038 996 1086 ὑμῖν
1009 1037 1326 1086 παρεςκεύαςται
1340 1061 1393 1065 -
1406 1037 1657 1085 παρεςκευά-
1705 1042 1712 1073 3

213 1110 297 1147 ςθω
316 1109 362 1146 οε
378 1108 440 1146 καὶ
458 1108 514 1147 ένὶ
529 1108 682 1159 έκάςτῳ
699 1107 762 1145 καὶ
774 1108 892 1145 πᾶςιν
907 1130 958 1133 —
975 1104 1091 1144 ὅπως
1107 1104 1240 1144 ἕςεςθε
1256 1105 1414 1152 ἀγαθοί,
1428 1106 1491 1144 καὶ
1503 1106 1661 1154 ἀξίωμα

212 1175 324 1225 ἔχετε
346 1175 445 1224 παρ’
469 1176 563 1223 ὑμῖν
587 1175 723 1214 αὐτοῖς
747 1175 858 1223 μέγα,
878 1172 956 1223 οὐχ
976 1173 1082 1222 ὑμᾶς
1106 1172 1252 1222 βλάψει
1276 1172 1446 1212 ἀκοῡςαι
1470 1173 1544 1221 τήν
1568 1174 1661 1222 ὑμε-

210 1244 335 1293 τέραν
353 1244 504 1293 ἀρετὴν
522 1244 584 1283 καὶ
602 1243 650 1282 τὸ
670 1242 826 1291 ἀξίωμα
842 1244 927 1281 τῶν
945 1242 1170 1291 προγόνων
1189 1242 1298 1289 ὁμοῦ
1319 1243 1382 1281 καὶ
1402 1240 1464 1293 [τὸ
1487 1242 1659 1296 ἀξίωμα]

209 1313 255 1352 τὸ
274 1315 358 1351 τών
376 1312 597 1363 πολεμίων,
622 1311 645 1350 ὃ
670 1310 911 1360 μικρότερον
937 1309 987 1349 δι’
1011 1310 1114 1358 ὑμᾶς
1138 1310 1310 1359 ἔχουςινἹ
1339 1309 1425 1348 ἀλλ’
1447 1310 1663 1359 ώφελήςει.

341 1379 486 1429 “Υμυ”υν
517 1381 596 1428 γὰρ
631 1380 671 1419 οἵ
703 1391 747 1418 τε
769 1379 932 1418 παλαιοὶ
966 1378 1141 1427 πατέρες
1173 1378 1217 1417 έν
1250 1379 1333 1416 τοῖς
1363 1376 1528 1426 Ἕλληςι
1562 1379 1662 1427 μέγα

212 1448 370 1497 ἀξίωμα
415 1448 563 1497 ἀρετῆς
605 1444 717 1495 εἶχον
758 1447 820 1485 καὶ
868 1445 995 1492 λόγον
1038 1444 1222 1491 ἀγαθόν,
1269 1446 1309 1484 0'1'
1354 1458 1397 1485 τε
1437 1446 1524 1485 νέοι
1561 1479 1568 1485 .
1593 1480 1599 1486 .
1625 1480 1631 1486 .
1657 1480 1663 1486 .

212 1553 481 1593 ὑπομιμνήςκω
510 1552 550 1585 δὲ
576 1552 679 1592 ὑμᾶς,
715 1552 770 1584 ὅτι
803 1551 860 1584 καὶ
885 1552 931 1584 τὰ
962 1550 1043 1592 ἱερὰ
1069 1551 1160 1583 καλὰ
1185 1550 1317 1590 γε’γονε
1345 1550 1402 1583 καὶ
1428 1552 1474 1583 τὰ
1500 1552 1661 1594 ὑμέτερα

213 1611 334 1642 καλῶς
353 1609 638 1650 παρεςκεὺἀςται
658 1609 700 1641 ei.
722 1609 844 1651 Stepli.
865 1608 1021 1652 iungens
1040 1608 1246 1649 orationes:
1266 1607 1385 1640 καίτοι
1403 1609 1449 1640 τὰ
1468 1608 1549 1649 ἱερὰ
1568 1611 1659 1642 καλὰ

210 1665 413 1709 <γενέςθαι
447 1664 481 1697 τί
515 1665 666 1705 ὄφελος,
704 1664 733 1697 εἰ
763 1664 846 1705 μή>
874 1663 932 1696 καὶ
957 1665 1003 1697 τὰ
1028 1664 1193 1705 ὑμέτερα
1228 1664 1515 1705 παρεςκευαςται
1550 1666 1610 1698 Ro.

211 1721 504 1762 παραςκεύαςται
530 1720 587 1753 BL
697 1721 718 1753 2
745 1723 825 1763 post
859 1721 970 1753 ὄντας
1002 1721 1126 1764 Sleph.
1156 1718 1278 1753 ἀξίους
1305 1721 1361 1753 vel
1396 1721 1660 1761 κληρονόμους

212 1777 324 1810 inseri
345 1777 421 1810 vult
536 1779 718 1818 πατρώον
736 1777 761 1809 Ζ
885 1778 906 1818 ἢ
935 1779 1007 1810 κτλ.
1024 1777 1167 1821 scripsi}
1188 1778 1210 1819 ἢ
1231 1779 1319 1810 ἄλλο
1338 1788 1372 1810 τι
1392 1779 1659 1819 παραςκευάςαι

210 1835 253 1866 τὸ
282 1834 430 1867 κάλλιον
457 1834 478 1874 ἢ
508 1834 660 1874 ἄμεινον
688 1833 751 1874 AR:
780 1833 801 1874 ἢ
831 1834 919 1866 ἄλλο
944 1845 978 1866 τι
1006 1835 1360 1876 ἀντιπαραςκευάςαι
1386 1835 1429 1867 τὸ
1463 1835 1611 1868 κάλλιον
1638 1837 1659 1877 ἢ

211 1891 364 1929 ἄμεινον
398 1889 583 1929 A²ssLZM;
619 1889 640 1930 ἢ
675 1889 764 1921 ἄλλο
797 1900 830 1922 τι
864 1891 908 1922 ὄιν
935 1891 1247 1931 παραςκευάςαιτε
1275 1891 1422 1923 κάλλιον
1456 1891 1477 1931 ἢ
1507 1891 1660 1931 ἄμεινον

210 1947 268 1981 vel
304 1948 326 1988 ἢ
361 1948 450 1979 ἄλλο
484 1957 517 1979 τι
550 1947 594 1979 ἄν
630 1956 684 1978 τις
724 1947 1040 1987 παραςκευάςαιτο
1075 1947 1224 1980 κάλλιον
1258 1948 1278 1988 ἢ
1317 1948 1470 1987 ἄμεινον
1506 1947 1661 1981 Scheibe

211 2002 386 2035 Zeitschr.
416 2002 437 2035 f.
464 2001 496 2034 d.
530 2000 991 2035 Altertumswissenschaft
1025 2002 1114 2035 1845
1151 2014 1181 2046 p.
1207 2003 1268 2036 211
1398 2002 1420 2035 1
1447 2003 1559 2044 ἔργον
1588 2003 1612 2035 Β

212 2059 298 2092 οὐδὲ
329 2058 389 2102 μὴ]
419 2058 448 2092 εἰ
475 2059 515 2091 δέ
545 2059 591 2100 μὴ
620 2058 662 2091 ci.
684 2059 759 2101 Re„
785 2059 828 2093 cf.
858 2069 990 2093 comm.
1019 2059 1066 2092 ad
1094 2059 1126 2092 h.
1148 2059 1168 2092 l.
1293 2060 1314 2091 ἶ)
1342 2059 1451 2102 ἀλλὰὶ
1488 2060 1578 2092 ἀλλὰ
1605 2071 1659 2093 κε-

210 2115 355 2148 λεύουςι
384 2117 526 2148 ςιιυπᾶν
552 2114 595 2147 (ἰ.
621 2115 684 2147 Ro.
808 2117 829 2148 6
856 2116 903 2157 μή
923 2115 1016 2159 Ald]
1045 2126 1114 2149 oin.
1142 2115 1223 2148 libri
1348 2117 1367 2148 7
1393 2117 1514 2148 ποιεῖν
1539 2117 1661 2149 πάντα

210 2171 252 2204 (zi.
272 2172 334 2204 Re.
450 2171 471 2205 8
498 2171 555 2205 καὶ
579 2172 673 2215 Am}
702 2183 771 2205 om.
794 2172 874 2205 libri
996 2173 1017 2204 9
1037 2173 1113 2216 ἔχῃ]
1141 2173 1212 2212 ἔχει
1238 2173 1263 2205 Z
1292 2179 1326 2206 <il
1351 2173 1379 2206 A
1406 2175 1491 2206 ante
1520 2184 1611 2206 corr.

210 2229 348 2270 ἀρετὴν
374 2228 467 2272 Ald]
496 2230 632 2270 ἀρετῆς
660 2228 740 2261 libri
864 2229 988 2270 εὕροις
1018 2229 1058 2262 L¹
1084 2229 1266 2272 primitus}
1303 2230 1414 2271 εὕρης
1441 2230 1612 2263 ABL2ZM

210 2285 325 2318 αὐτοῦ
353 2284 499 2328 scripsi]
528 2285 645 2326 αὐτὴν
673 2284 770 2327 libri3
805 2284 862 2318 καὶ
889 2285 1006 2326 αὐτὴν
1034 2286 1097 2319 Re.
1223 2285 1266 2317 10
1293 2285 1377 2328 ἐ’χει]
1409 2285 1502 2326 ἔχειν
1530 2285 1611 2319 libri

211 2340 350 2384 ἄθλοις]
375 2341 431 2374 καὶ
457 2343 536 2374 τοῖς
560 2342 687 2374 ἄθλοις
712 2341 812 2374 ἰ’ςους
839 2341 1015 2375 ἐπαίνους
1041 2341 1084 2375 ci.
1105 2343 1168 2376 Re.
1286 2343 1325 2375 11
1356 2343 1494 2375 οὔκουν
1514 2354 1559 2376 ex
1578 2344 1661 2376 οὒκ-

212 2399 278 2429 οῦν
297 2397 344 2430 Α2
445 2397 484 2430 11
510 2398 781 2438 παραςκευάςαι
800 2397 841 2430 (τι.
861 2398 998 2441 Steplrl
1019 2398 1363 2440 παραςκευάςαντος
1382 2399 1478 2439 libri,
1498 2399 1659 2433 defendit

211 2453 365 2487 Scheibe
391 2453 413 2486 l.
436 2464 482 2488 e.:
511 2455 555 2486 ἂν
583 2455 731 2486 κάλλιον
750 2455 1020 2495 παραςκευάςαι
1047 2455 1068 2496 ἢ
1098 2455 1251 2494 ἄμεινον
1278 2466 1349 2488 sec.
1377 2454 1396 2497 ξ
1418 2455 1433 2488 1
1463 2455 1506 2488 ei.
1526 2455 1660 2489 Jaccss‘is

211 2509 245 2541 in
266 2509 361 2542 obss,
379 2510 423 2543 ad
440 2509 585 2543 Anthol.
600 2511 715 2544 palat.
733 2521 764 2553 p.
779 2511 825 2544 43
930 2511 973 2544 12
992 2511 1078 2551 ὑμῖν
1097 2511 1140 2544 ci.
1157 2510 1234 2554 Re]
1255 2511 1342 2552 ἡμῖν
1362 2511 1443 2543 libri
1549 2523 1663 2553 παρε-

211 2566 398 2599 ςκεὺαςται
425 2586 468 2590 -
494 2568 534 2600 δέ
558 2567 600 2600 (zi.
621 2570 657 2601 et
681 2566 820 2601 disti-ib.
845 2566 935 2609 Keil]
960 2565 1249 2608 παρεςκεὺαςται
1276 2566 1562 2607 παρεςκευαςται
1588 2568 1659 2608 γὰρ

211 2622 338 2665 ABLZ;
359 2624 512 2657 alterum
532 2624 818 2666 παρεςκεὺαςται
837 2622 1093 2665 superscripsit
1115 2622 1145 2654 M
1248 2622 1288 2654 13
1308 2622 1447 2655 έςεςθαι
1463 2622 1500 2664 Α,
1522 2623 1661 2655 ἐ’ςεςθαι

211 2679 463 2722 superscripto
491 2690 507 2713 ε
533 2680 588 2713 LZ
714 2680 757 2713 14
789 2681 885 2713 ἕξετε
912 2679 990 2713 Ald.
1113 2680 1207 2718 ὑμᾶς
1240 2689 1285 2712 (εχ
1317 2679 1413 2719 ἡμᾶς
1446 2689 1537 2712 corr.
1567 2679 1611 2712 L¹

213 2735 344 2775 βλάψει
371 2734 414 2767 ei.
434 2735 571 2779 Μέρη]
601 2736 737 2777 βλάψαι
765 2735 846 2769 libri
970 2737 1119 2768 ἀκοῦςαι
1146 2735 1290 2779 scripsi]
1319 2735 1544 2768 ἀκούςαντας
1564 2735 1658 2770 libri.

212 2790 432 2824 ἀκούςαντες
464 2791 542 2825 Ald.
691 2793 733 2825 15
759 2793 802 2825 τὸ
831 2791 975 2833 ἀξίωμα
1009 2791 1078 2825 del.
1109 2792 1188 2825 Keil
1336 2792 1378 2824 16
1404 2793 1447 2824 τὸ
1482 2802 1551 2825 orn.
1571 2791 1596 2824 Ζ

212 2847 231 2880 ὃ
262 2849 484 2890 μικρότερον
512 2849 555 2883 ei.
576 2849 668 2892 Keil!
696 2850 881 2890 ὑμέτερον
905 2848 1004 2891 libri;
1033 2850 1216 2890 ὑμέτερον
1241 2849 1297 2891 ὄν,
1324 2848 1369 2882 δι’
1386 2850 1480 2889 ὑμᾶς
1505 2848 1576 2889 γὰρ
1598 2875 1603 2880 .
1627 2875 1631 2880 .
1653 2876 1658 2880 .

213 2903 255 2938 ci.
283 2905 362 2939 Ra:
391 2904 410 2937 ὃ
438 2908 459 2947 <
474 2904 555 2948 οὐ>
580 2906 676 2945 (add.
698 2905 820 2949 Orell.)
841 2906 991 2947 μέτριον
1011 2934 1016 2939 .
1040 2934 1044 2938 .
1067 2934 1072 2939 .
1093 2905 1136 2939 ci.
1158 2905 1294 2939 Jacobs
1322 2906 1358 2939 in
1385 2904 1541 2949 append.
1561 2904 1661 2938 obss.

212 2959 363 2994 miscell.
391 2960 438 2994 ad
463 2960 618 2995 Porsoni
645 2961 870 2995 Adversaria
896 2972 928 3005 p.
948 2962 1016 2995 327
1138 2962 1312 2996 lacunam
1339 2961 1501 2995 indicavi

1541 3021 1562 3053 3

1706 561 1729 600 [Ο
