1950 3282
160 429 212 466 Ἡ)

159 973 213 1011 20

843 196 895 199 —-
954 172 1007 210 232
1067 195 1123 200 ——

256 289 452 330 δόξαντες
482 287 579 330 εἶναι
608 289 748 336 ὀλίγον
773 290 931 339 χρόνον
955 292 1140 340 βιοῦντες
1164 291 1229 330 διὰ
1251 292 1326 340 τήν
1349 291 1560 331 δύςκλειαν
1588 293 1708 331 ἀνιώ-

254 372 367 408 μενοι
400 360 464 398 καὶ
499 358 627 407 ἄτιμοι
660 358 759 407 παρ’
780 357 955 408 ἐντίμοις
978 358 1095 399 ὄντες
1119 362 1255 400 κακῶς
1277 360 1351 399 τὸν
1379 359 1590 399 ἐπίλοιπον
1618 359 1707 409 βίον

251 427 564 475 τελευτήςαντες
598 426 736 475 ὀνείδη
770 429 854 467 τοῖς
879 427 985 466 παιςὶ
1013 427 1338 475 καταλείψουςιν.
1382 428 1467 466 ἐπεὶ
1499 427 1546 466 δὲ
1577 425 1708 478 πεφύ·

253 508 380 544 καμεν
406 495 480 534 οὐκ
504 493 715 546 ἀθάνατοι,
750 498 839 535 πῶς
873 495 1036 535 κάλλιον
1066 496 1338 547 ἀποθνῄςκειν
1365 496 1388 544 ἦ
1416 495 1519 545 ὑπὲρ
1547 493 1606 534 ὧν
1630 495 1706 545 χρὴ

252 565 556 613 τιμωροῦντας;
597 563 722 603 ποίαν
762 562 888 612 ἄλλην
931 564 1079 612 ἀρετὴν
1124 563 1377 612 κτωμένους;
1418 565 1540 603 ποῖος
1579 563 1709 612 ἡδίων

252 633 450 679 θάνατος;
494 632 597 671 τίνες
631 631 901 680 εὐκλεὲςτεροι
935 630 1223 670 ἀποθανόντες
1256 630 1279 678 ἢ
1314 629 1350 669 οἱ
1384 628 1495 669 ούτω
1522 629 1709 678 τελευτή·

253 713 414 743 ςαντεε;
440 700 637 748 ὸημοςίου
661 698 803 749 τάφου
828 700 1047 740 ἀξιοῦνται.
1072 700 1200 739 θυςίαι
1224 699 1285 738 ε’πί
1307 697 1467 738 τούτοις
1489 698 1707 746 γίγνονται,

255 768 415 814 ἀγῶνες
449 767 512 806 ἐπὶ
545 766 706 807 τούτοις
737 767 923 808 τίθενται,
964 768 1050 806 αντὶ
1085 769 1240 816 θνητοῦ
1275 769 1464 816 ςώματος
1497 768 1707 807 ἀθάνατον

255 837 417 885 μνήμην
446 836 767 875 καταλείπουςιν.
812 835 848 875 οἱ
872 836 917 874 οε
939 834 1103 874 τούτων
1126 836 1268 874 παῑὸες
1292 834 1464 886 ὸημοςίᾳ
1487 834 1709 884 ἐκτρέφον-

253 918 326 952 ται,
341 904 559 952 τιμώμενοι
576 903 819 942 πανοπλίαις
835 902 1084 952 προεδρίαις,
1100 902 1406 951 θαυμαζόμενοι
1425 903 1488 941 καὶ
1507 901 1552 941 ἐν
1569 904 1710 952 χοροῖς

253 973 317 1011 καὶ
344 972 388 1011 ἐν
414 971 649 1021 γυμναςίοις
682 973 746 1011 καὶ
773 973 858 1011 ταῖς
888 970 1028 1010 ἄλλαις
1059 971 1294 1011 ςυνουςίαις.
1327 973 1410 1010 τοῑ(
1434 972 1479 1010 δὲ
1506 970 1549 1010 ἐκ
1583 972 1710 1011 τοῦδε

251 1042 326 1080 τοῦ
350 1039 547 1080 κινδύνου
571 1042 764 1091 ςωθεῑςιν,
796 1040 991 1089 ἀνδράςιν
1016 1040 1189 1086 ἀγαθοῖς
1210 1039 1461 1088 γενομένοις.
1489 1038 1710 1079 ἀκίνδυνος

255 1109 277 1149 ὁ
302 1109 446 1148 λοιπὸς
470 1108 566 1157 βίος,
591 1109 933 1158 μακαριζομὲνοις
961 1110 1005 1147 ἑν
1032 1110 1176 1148 πάςαις
1202 1108 1475 1157 πανηγύρεςιν
1500 1107 1544 1148 ε’ν
1566 1107 1711 1148 πάςαις

254 1177 453 1225 θεωρίαις.
493 1175 530 1215 οἱ
560 1177 670 1226 φίλοι
692 1175 852 1216 τούτοις
876 1176 986 1226 φίλοι
1011 1176 1117 1225 εἰςίν,
1141 1178 1177 1216 οἱ
1206 1178 1347 1226 εχθροὶ
1374 1178 1471 1216 τοὺς
1496 1177 1711 1217 τοιούτους

254 1244 521 1293 ύπερχονται,
555 1246 634 1284 πᾶς
668 1244 773 1293 ἀνὴρ
808 1246 1024 1285 Ξενούςθαι
1059 1245 1268 1294 βούλεται·
1303 1245 1346 1285 ἐκ
1379 1247 1513 1285 τῶνδε
1547 1246 1609 1285 καὶ
1643 1258 1712 1292 γα-

254 1315 374 1364 μετὰς
398 1315 628 1364 προθύμως
651 1314 701 1354 ἂν
725 1312 887 1362 εὔροια
913 1311 1026 1352 οὗτοι
1048 1314 1322 1363 γηράςκοντες
1345 1312 1708 1361 εὐδαιμονίζονται.

400 1382 488 1422 Νῦν
513 1382 602 1430 οὗν,
637 1381 670 1421 ὦ
695 1380 846 1430 ἄνδρες
876 1384 1123 1433 ςτρατιῶται,
1152 1382 1242 1422 καθ“
1268 1381 1368 1422 ὅςον
1397 1381 1515 1430 ὑμῶν
1545 1381 1711 1422 ἐ’καςτος

255 1453 375 1503 ἰεχύει
425 1454 552 1502 μηδὲν
598 1451 924 1499 ὑπολειπόμενος
971 1453 1042 1499 τῆς
1082 1450 1307 1499 δυνάμεως,
1353 1451 1709 1500 ἀντιλαμβανὲςθω

252 1524 388 1561 τῶνδε
432 1522 518 1560 τῶν
562 1520 750 1567 ἀγαθῶν·
791 1520 1083 1568 ύπομιμνήςκω
1119 1520 1165 1558 οὲ
1197 1519 1318 1567 ὑμᾶς,
1353 1518 1412 1559 ὅτι
1446 1520 1508 1559 καὶ
1543 1519 1592 1558 τὰ
1621 1519 1711 1569 ἱερὰ

256 1590 346 1639 ὑμῖν
381 1590 487 1629 καλὰ
518 1589 704 1636 γέγονεν.

944 1707 1018 1747 [Il.

665 1801 1199 1842 ΠΡοτΡΕΠτικοΣ
1240 1792 1284 1842 ’Βῖ

403 1893 473 1932 Καὶ
521 1894 570 1931 τὰ
618 1892 707 1941 ἱερὰ
765 1892 868 1931 καλὰ
917 1893 980 1931 καὶ
1043 1892 1092 1931 τὰ
1150 1892 1324 1942 ὑμέτερα
1376 1891 1712 1941 παρεςκεύαςται·

257 1961 342 2001 ἀλλ’
397 1961 554 2010 ἄνδρας
616 1962 692 2011 χρὴ
759 1957 863 2001 εἶναι
919 1960 1130 2008 ἀγαθούς·
1194 1961 1299 2000 εἰκός
1356 1962 1402 2000 δὲ
1465 1961 1568 2009 ὑμᾶς
1623 1961 1714 2011 περὶ

256 2068 272 2101 1
303 2067 491 2110 δόξαντες]
528 2078 547 2099 ο
575 2067 612 2100 in
642 2079 711 2100 ras.
732 2068 758 2100 L
905 2068 925 2100 2
954 2067 1072 2110 &xz-rec]
1102 2068 1256 2107 ἄγοντες
1284 2067 1327 2101 ci.
1347 2068 1410 2100 Re.
1557 2068 1579 2101 3
1607 2078 1714 2100 κατα-

257 2122 425 2164 λείψουςι
451 2124 497 2157 Ζ;
532 2124 753 2165 κατέλειψαν
782 2124 824 2157 (si.
854 2125 935 2158 lle:
971 2124 1014 2157 (ns.
1044 2124 1325 2157 lx'i'ilmer-Gerlh
1352 2124 1363 2157 l
1392 2135 1422 2167 p.
1450 2124 1517 2157 172
1543 2123 1666 2157 adal

256 2179 279 2212 *l
306 2179 498 2222 ἀθάνατοι]
519 2191 539 2211 ν
559 2179 595 2212 in
615 2191 686 2213 ras.
708 2180 759 2213 A2
866 2183 946 2213 πῶς
967 2180 1110 2223 scripsi}
1131 2183 1204 2213 ποῦ
1225 2180 1306 2213 libri
1412 2181 1433 2213 5
1451 2182 1714 2222 τιμωροῦντας

257 2237 403 2281 scripsi}
431 2240 638 2279 τιμωροῦςι
665 2237 747 2271 libri
864 2238 999 2277 ἀρετῆς
1027 2236 1082 2269 ssL
1200 2235 1312 2269 ποίαν
1331 2237 1446 2278 ἄλλην
1468 2236 1578 2277 μείζω
1600 2236 1714 2270 δόξαν

258 2294 279 2335 ἢ
300 2294 369 2335 τήν
396 2295 430 2328 ἐξ
455 2296 590 2336 ἀρετῆς
611 2294 653 2327 ci.
674 2294 736 2327 Re.
853 2293 874 2324 6
894 2293 1057 2326 θάνατον
1082 2292 1142 2325 ΖΜ
1260 2293 1281 2334 ἢ
1303 2293 1561 2326 ἀποθανόντες
1583 2292 1617 2325 οἰ
1634 2293 1712 2328 trai.

258 2350 396 2394 Steplr]
426 2350 460 2383 οἱ
486 2351 742 2384 ἀποθανόντες
768 2350 789 2391 ἢ
816 2349 899 2383 libri
1015 2350 1033 2382 7
1055 2348 1249 2392 δημοςίου]
1277 2360 1296 2381 0
1317 2360 1360 2382 ex
1381 2351 1483 2392 parte
1504 2352 1537 2382 et
1557 2359 1577 2381 υ
1597 2351 1715 2383 totum

258 2407 296 2440 in
323 2419 394 2441 ras.
420 2407 474 2441 Α2
629 2407 650 2441 9
680 2409 805 2448 μνῆμα
832 2406 920 2440 ABL
1079 2406 1122 2439 10
1148 2404 1386 2448 προεδρείαις
1418 2405 1447 2438 Α
1480 2408 1566 2439 ante
1594 2416 1665 2439 ras.

259 2464 302 2497 1⁶2
321 2464 533 2504 γινομένοις
553 2464 632 2497 Ald.
756 2463 800 2497 14
817 2463 967 2496 τούτοις
987 2462 1102 2506 φίλοι]
1124 2473 1154 2496 ις
1175 2473 1217 2504 φι
1236 2465 1366 2505 postea
1386 2461 1469 2495 add.
1490 2462 1519 2495 A
1624 2462 1714 2494 τοὺς

257 2520 455 2553 τοιούτους
491 2521 719 2562 ύπέρχονται
753 2520 795 2553 ci.
830 2519 908 2563 Re]
944 2521 1023 2552 τοῖς
1053 2519 1241 2552 τοιούτοις
1276 2519 1548 2560 ὑπερεύχονται
1583 2518 1667 2552 libri

261 2576 304 2609 15
332 2576 457 2609 αὐτοῖς
485 2579 570 2609 ante
600 2579 791 2610 Ξενοῦςθαι
819 2575 907 2610 addi
934 2576 1013 2610 vult
1045 2576 1108 2609 Re.
1259 2575 1302 2608 16
1329 2575 1552 2616 προθύμους
1578 2574 1667 2608 ABL

261 2633 389 2674 εὕροιο
428 2634 469 2667 ci.
508 2633 599 2677 Keil]
638 2634 762 2675 εὕροις
788 2634 826 2676 Z,
864 2633 976 2675 εὕρης
1003 2633 1079 2671 ΑΒ,
1117 2633 1241 2674 εὕροις
1277 2631 1526 2675 superscripto
1564 2642 1584 2673 η
1619 2631 1668 2664 Ll

262 2690 304 2723 17
325 2691 404 2722 καθ’
426 2690 469 2722 ὃν
499 2690 589 2723 LZM
620 2690 716 2726 Ald.:
745 2689 823 2723 καθ’
857 2689 875 2721 ὃ
905 2689 948 2722 οἱ.
972 2689 1079 2722 Dobs.
1205 2688 1248 2722 19
1274 2690 1353 2721 τῶν
1379 2698 1450 2721 oin.
1470 2688 1592 2722 BLZM

405 2747 563 2780 Titulum
598 2748 875 2789 προτρεπτικός
910 2746 939 2788 β’
975 2746 1122 2790 scripsi:
1154 2743 1235 2778 Ἕτι
1266 2747 1335 2777 τοῦ
1369 2744 1485 2777 αὐτοῦ
1518 2743 1604 2786 περὶ
1635 2746 1715 2776 τῶν

263 2802 390 2835 αὐτῶν
416 2802 583 2845 [λς-καλὰ
609 2803 764 2842 γε’γονεν
791 2806 858 2835 τοῦ
887 2803 1002 2836 αὐτοῦ
1030 2805 1109 2835 τῶν
1138 2802 1265 2835 αὐτῶν
1298 2799 1356 2834 καὶ
1389 2802 1434 2834 τὰ
1467 2800 1550 2843 ἱερὰ
1582 2802 1650 2835 etc.
1676 2801 1714 2842 Β,

263 2862 339 2893 tuin
375 2860 498 2893 verbis
533 2862 601 2892 τοῦ
640 2860 755 2892 αὐτοῦ
791 2863 870 2892 τῶν
906 2861 1032 2893 αὐτῶν
1068 2859 1166 2893 linea
1206 2858 1318 2892 rubra
1357 2857 1487 2891 deletis
1526 2857 1637 2891 rubro
1674 2855 1715 2889 in

262 2928 374 2961 marg.
396 2917 433 2950 B.
457 2916 540 2951 add.
564 2916 709 2950 titulum
729 2928 836 2960 quem
856 2917 903 2958 A;
931 2917 983 2950 tit.
1001 2927 1070 2949 om.
1092 2916 1195 2958 MLZ,
1223 2915 1289 2949 Sed
1308 2915 1335 2948 L
1356 2914 1506 2959 quidem
1527 2914 1565 2947 in
1591 2911 1715 2948 indice

264 2973 412 3006 exhibet
444 2973 639 3013 Λεςβιίιναξ
666 2974 704 3014 Ῠζ,
743 2976 906 3006 ceterum
940 2972 984 3006 cs.
1018 2984 1049 3015 p.
1082 2972 1104 3005 3
1131 2976 1165 3006 et
1192 2973 1223 3005 8.
1364 2971 1407 3004 21
1445 2970 1507 3004 Καὶ
1540 2971 1585 3004 τὰ
1618 2969 1711 3013 ἱερὰ]

1774 914 1806 942 10

1775 1256 1807 1283 15
