1950 3282
833 210 1113 250 *⁴20—

285 328 326 368 H
361 328 439 368 20:
475 328 511 368 οἱ
545 329 658 379 φίλοι
796 328 889 370 εἰςίν

475 397 512 436 οἱ
546 397 686 447 ἐχθροὶ
824 398 1071 448 ὑπέρχονται

475 466 555 504 πᾶς
587 464 694 515 ἀνὴρ
833 466 1019 516 βούλεται

476 532 519 572 ἐκ
551 535 685 573 τῶνδε
719 567 725 573 .
751 567 757 573 .
783 567 789 573 .
825 534 964 585 εύροιο

475 600 588 642 οὗτοι
624 635 630 641 .
656 635 662 641 .
688 636 694 642 .
729 602 1091 651 εὐδαιμονίζονται.

294 668 355 708 ΠΙ
390 671 439 709 4:
476 670 577 708 κατὰ
610 672 682 719 μὲν
715 671 761 710 τὸ
797 671 846 719 μή
883 672 1125 720 ἐξελαθῆναι

476 738 577 777 κατὰ
611 740 656 778 δὲ
688 739 734 778 τὸ
769 740 819 787 μή
856 738 1035 780 ἑξελάςαι
1071 773 1076 779 .
1103 773 1141 779 ..

289 805 353 845 III
388 806 410 843 ε’)
433 819 439 843 1
475 806 822 855 ὑποχωρήςαντες
849 807 890 846 έκ
916 810 988 856 τῆς
1014 809 1211 858 πατρίδος
1239 809 1301 848 καὶ
1329 808 1444 848 αὐτοὶ
1471 810 1534 849 καὶ
1559 810 1609 848 τὰ
1633 809 1757 848 τέκνα

477 874 715 923 ὁρμώμενοι
748 874 790 914 ἐκ
823 877 893 923 τῆς
927 877 1159 925 Σαλαμῖνος

293 943 357 983 ΙΙΙ
392 945 439 982 7:
476 943 619 996 δῃοῡςί
650 957 693 984 τε
724 945 800 992 τὴν
833 944 1036 993 ὑμετέραν

475 1013 537 1052 καὶ
571 1012 831 1063 ἐλευθεροῡςι
863 1014 960 1053 τοὺς
992 1013 1215 1063 ὑμετέρους
1248 1014 1427 1054 δούλους

476 1082 539 1120 καὶ
573 1080 793 1128 ἑπάγουςιν
827 1081 892 1130 ἐφ’
929 1080 1032 1130 ὑμᾶς

264 1149 328 1188 ΠΙ
364 1150 438 1189 1ἑ’);

404 1218 429 1257 ἃ
463 1219 509 1256 δὲ
542 1218 705 1266 μάλιςτα
738 1217 895 1269 ἄνδρας
927 1218 1160 1271 παροξύνει,
1194 1220 1309 1268 ὑμῶν
1343 1221 1480 1260 αὐτῶν
1514 1220 1714 1261 ἀκούςατε

475 1285 643 1326 πόλεώς
674 1300 716 1326 τε
750 1287 923 1335 μέγεθος
956 1289 1020 1327 καὶ
1054 1287 1317 1336 εὐδαιμονίας
1349 1290 1413 1328 καὶ
1447 1289 1573 1338 δόξης

476 1354 525 1403 ἢν
560 1355 726 1395 ἕκαςτος
759 1355 856 1405 παρ’
892 1356 1026 1408 ἑαυτῷ
1063 1356 1156 1405 ἔχει,

405 1422 430 1462 ἅ
462 1436 504 1462 τε
536 1423 645 1462 νέοις
679 1422 876 1472 ἀνδράςιν
909 1425 1058 1473 ἡλικίας
1092 1424 1310 1474 ἀθύρματα

476 1494 617 1532 παῖδες
651 1494 765 1532 καλοὶ
798 1495 860 1532 καὶ
893 1496 1081 1540 γυναῖκες
1119 1494 1182 1533 καὶ
1214 1493 1412 1542 γυμνάςια
1445 1495 1508 1533 καὶ
1547 1494 1761 1544 κυνηγέςια

477 1558 538 1599 ὧν
572 1561 682 1608 ὑμεῖς
820 1561 1060 1601 ἀπολαύετε,

190 1661 484 1711 Παρὸμοιον
519 1675 615 1702 oum
650 1662 952 1715 ἀντιςτροφῇ
988 1663 1051 1704 his
1085 1663 1188 1703 locis
1223 1666 1286 1703 est
1319 1664 1597 1704 coniunctum

340 1754 359 1793 I
393 1756 443 1794 23:
478 1756 551 1804 τήν
586 1758 732 1805 χώραν
765 1756 881 1805 ἡμῶν
916 1756 1058 1805 ἔτεμον

621 1825 694 1873 τήν
726 1824 921 1865 πολλάκις
953 1826 1127 1865 τούτους
1160 1825 1357 1868 ςώςαςαν.

623 1894 684 1932 καὶ
717 1894 791 1941 τὴν
824 1893 942 1933 πόλιν
975 1894 1093 1942 ἡμῶν
1133 1895 1285 1944 ἕτοιμοι
1323 1896 1617 1936 καταςκάπτειν
1656 1893 1761 1943 ἧςαν

481 1962 530 2009 ἢν
561 1961 758 2002 πολλάκις
793 1962 908 2003 αὐτοὶ
938 1962 1262 2012 θεραπεύςαντες
1293 1964 1492 2012 ςωτηρίας
1523 1962 1684 2013 ἔτυχον.

320 2038 362 2077 Π
397 2042 403 2074 Σ
439 2053 445 2077 :
481 2040 750 2087 κοςμήςαντες

411 2041 419 2076 vv

481 2109 596 2146 ναοῖς
630 2108 692 2146 καὶ
726 2110 878 2156 βωμοῖς
911 2109 973 2147 καὶ
1006 2108 1205 2157 ἀγάλμαςι

482 2176 545 2214 καὶ
579 2174 715 2215 ἄλλοις
747 2177 916 2215 πολλοῖς
949 2177 1012 2215 καὶ
1045 2178 1181 2216 καλοῖς
1215 2177 1470 2225 αναθήμαςιν
1504 2209 1542 2216 ..

265 2244 444 2284 ibidem:
481 2245 525 2284 έν
559 2244 617 2284 οἷς
649 2258 733 2284 των
768 2246 840 2294 μεν
874 2249 1099 2293 παρουςών
1134 2245 1262 2284 ἀνιῶν
1295 2244 1673 2294 ἐπελανθανόμεθα,

485 2314 584 2361 μετὰ
617 2315 663 2352 δε
695 2314 819 2362 τήνδε
850 2315 924 2362 τήν
957 2313 1117 2363 ἡδονὴν
1151 2313 1279 2354 ἄλλας
1312 2314 1632 2363 προςεκτώμεθα

338 2409 378 2449 Π
388 2423 412 2449 α
423 2423 445 2459 ρ
457 2408 479 2447 ὁ
491 2422 516 2457 μ
527 2421 632 2448 οιον
649 2421 748 2447 eum
765 2407 802 2449 ῖς
812 2423 834 2448 ο
846 2423 867 2448 κ
877 2410 910 2448 ώ
922 2411 943 2449 λ
954 2423 987 2461 ψ
1005 2409 1068 2449 his
1080 2409 1183 2449 locis
1196 2415 1258 2449 est
1273 2421 1304 2448 c«
1314 2409 1566 2447 minuetum:
1580 2407 1763 2459 (numeri

200 2477 393 2519 versibus·
417 2476 595 2529 singulis
616 2478 833 2528 praemissi
855 2477 1111 2528 syllabarum
1136 2490 1360 2517 numerum
1384 2476 1586 2522 indicant)

324 2566 368 2606 II
402 2568 450 2605 ὃς
487 2565 547 2605 ὧν

488 2643 517 2669 11
553 2634 589 2674 οἱ
623 2636 696 2683 μὲν
727 2635 836 2688 γήρᾳ
868 2637 974 2675 πολὺ
1009 2635 1340 2685 ὑπερβάλλοντες

489 2710 521 2737 12
554 2702 590 2742 οἱ
624 2704 669 2741 δὲ
702 2703 861 2752 νεότητι
893 2704 999 2743 πολὺ
1033 2704 1286 2744 ἐλλείποντες

490 2780 523 2806 13
666 2774 752 2812 τοῖς
786 2774 856 2820 μὲν
891 2774 1065 2821 ςώμαςιν
1099 2772 1174 2822 οὐχ
1208 2771 1284 2812 οἶοί
1316 2772 1358 2811 τέ
1392 2772 1486 2813 εἰςιν
1513 2771 1684 2822 ἀμύνειν

438 2830 441 2832 ’
491 2848 523 2875 13
666 2843 752 2879 τών
786 2842 831 2879 δὲ
864 2841 1071 2880 κινδύνων
1103 2842 1286 2880 πλεῑςτον
1321 2841 1445 2890 μέρος
1477 2840 1722 2890 μετέχουςιν.

328 2916 370 2956 ΙΙ
404 2918 452 2955 9:
489 2925 522 2953 12
553 2916 602 2956 τά
635 2930 677 2956 τε
708 2918 787 2966 γὰρ
822 2918 1065 2968 ὑπάρχοντα
1098 2919 1297 2968 ἀςφαλῶς
1329 2919 1537 2969 κέκτηνται

492 2994 525 3021 13
556 2986 605 3024 τά
636 2998 679 3025 τε
710 2989 794 3026 τῶν
827 2988 1034 3036 πολεμίων
1068 2986 1204 3027 ἀδεῶς
1237 2989 1502 3036 καρποῦνται.
