1950 3282
804 179 856 182 q
923 156 977 193 ειυ-
1042 179 1097 183 ---

221 274 412 324 αὐτοβοεὶ
424 275 656 322 νικήςαντες
673 275 832 314 πολλὰς
851 272 1051 323 μυριάδας
1068 272 1307 322 ἀνθρώπων
1323 272 1518 322 ἐξέβαλον
1533 272 1594 326 [ἐκ
1604 275 1675 323 τῆς

220 345 293 390 τῆς
305 341 322 395 Ι,
340 342 437 381 τοὺς
455 341 491 381 δ’
509 343 759 386 ἀπέκτειναν,
780 342 829 381 οὐ
846 341 1101 390 περιιδόντες
1119 339 1206 381 οὔτ’
1223 340 1329 380 εἴτις
1347 339 1484 381 αὐτοῖς
1502 341 1674 390 ἔμελλεν

221 411 265 450 ἐκ
281 413 352 459 τῆς
363 410 692 458 Πελοποννήςου
708 411 878 459 βοήθεια
894 410 1000 459 ἥξειν
1014 408 1102 449 οὔτ’
1113 409 1144 449 εἰ
1160 408 1290 456 ὀλίγοι
1305 411 1475 449 πολλοῖς
1490 411 1674 459 μαχοῦν-

220 493 293 524 ται,
312 478 418 518 ἀλλὰ
435 482 480 530 τῇ
501 479 679 530 ςφετέρᾳ
696 478 834 518 αὐτῶν
853 478 973 530 ἀρετῇ
996 477 1275 525 πιςτεύςαντες
1298 477 1575 526 ςυμβαλόντες
1598 476 1674 517 ένί-

162 559 179 584 .··
220 560 364 596 κηςαν·
392 548 520 586 τοῦτο
554 548 599 585 δὲ
632 546 854 586 Πλαταιᾶςι
888 546 988 595 μετὰ
1019 547 1107 585 τῶν
1140 544 1281 585 ἄλλων
1305 546 1511 595 Ἑλλήνων
1543 546 1672 586 ταύτὰ

124 763 177 790 658

146 900 179 927 Ῑιι

145 1586 180 1613 21)

222 613 500 663 φρονούντων
519 614 667 653 ἐνίκων
686 614 921 663 μαχόμενοι.
942 614 1130 662 ένίκηςαν
1147 615 1270 654 δὲκαὶ
1285 616 1348 655 ἐπ’
1364 615 1588 668 Ἀρτεμιςίῳ
1601 618 1674 664 τῆς

223 680 398 731 Εὐβοίας
421 684 730 732 ναυμαχοῦντες
754 683 817 721 καὶ
839 683 921 731 πρὸ
939 683 1183 733 Σαλαμῖνος,
1207 683 1308 723 ὥςτε
1331 686 1384 724 είς
1406 683 1504 724 τόδε
1521 684 1674 734 ἡμέρας

221 752 401 799 ςωτῆρες
422 752 493 798 τῆς
511 750 708 789 Ἑλλάδος
727 749 1011 798 ὀνομάζεςθαι.
1046 753 1231 792 πολλοὺς
1249 753 1295 792 δὲ
1313 754 1375 792 καὶ
1394 751 1543 792 ἄλλους
1561 753 1670 799 ἀγῶ-

220 832 296 859 νας
320 819 383 857 καὶ
416 818 566 857 καλοὺς
601 818 856 865 ἠγωνίςαντο
886 818 923 858 οἱ
952 819 1138 867 ὑμέτεροι
1160 821 1344 871 πατέρες,
1375 819 1436 859 ὧν
1465 822 1538 868 τῆς
1561 820 1674 869 νίκης

223 885 306 926 τῶν
340 885 486 926 ἄθλων
526 885 617 935 ὅροι
654 887 879 935 πεπήγαςιν
912 889 1079 928 πολλῶν
1118 888 1282 938 ἡμερῶν
1315 890 1448 928 πλοῦν
1482 889 1564 928 ἀπὸ
1601 891 1674 938 τῆς

221 955 419 1004 ὑμετέρας
451 954 590 994 πόλεις
622 954 800 1002 μεγάλαι,
840 956 1120 997 ὑπακούουςαι
1152 959 1227 997 τοῦ
1256 957 1457 1006 ὑμετέρου
1484 958 1673 1007 κήρυκος.

364 1022 590 1072 Εὐξάμενοι
616 1022 693 1063 οὐν
711 1026 795 1064 τοῖς
819 1025 927 1063 θεοῖς
947 1026 1032 1064 τοῖς
1055 1024 1300 1073 Ὀλυμπίοις,Ἰ
1325 1025 1363 1065 οἳ
1385 1025 1479 1074 ὑμῖν
1502 1025 1604 1064 κατὰ
1625 1024 1673 1064 τὸ

222 1095 327 1134 εἰκὸς
348 1094 475 1133 πλέον
494 1095 686 1141 νεμοῦςιν
706 1094 728 1141 ἢ
747 1095 830 1132 τοῖς
851 1093 1074 1143 πολεμίοις,
1099 1093 1128 1137 5<
1146 1092 1244 1145 εὐχῇ
1269 1093 1575 1146 ςυμβαλλομένῃ
1591 1095 1676 1133 τοῖς

221 1161 402 1210 ἀνδράςι.
427 1163 612 1210 θαρρεῖτε
633 1162 676 1199 δὲ
695 1162 758 1200 καὶ
773 1160 838 1201 ἴςα
855 1160 1070 1209 νεμόντων
1089 1164 1173 1201 τῶν
1193 1163 1302 1202 θεῶν
1326 1162 1432 1210 <ὡς>
1455 1162 1501 1201 εὖ
1525 1161 1674 1209 ἀγωνι-

173 1250 179 1263 ι
222 1232 348 1270 εῖςθε·
371 1229 421 1268 τὰ
440 1228 528 1277 ἱερὰ
547 1229 653 1268 καλὰ
672 1230 736 1268 καὶ
753 1229 799 1268 τὸ
818 1229 974 1268 δίκαιον
993 1229 1085 1278 ὑμῖν
1105 1231 1176 1277 μὲν
1196 1232 1361 1280 θαρρεῖν
1380 1230 1556 1281 παρέξει,
1575 1229 1673 1270 ἐκεί-

220 1312 307 1339 νοις
335 1300 381 1338 δέ
408 1299 596 1338 δεδιέναι.
625 1298 650 1337 ἃ
673 1299 719 1337 δὲ
743 1297 906 1346 μάλιςτα
929 1296 1085 1347 ἄνδρας
1111 1298 1277 1338 τελέους
1303 1298 1539 1349 παροξύνει,
1558 1298 1674 1354 ὑμῶν

222 1368 360 1408 αὐτων
384 1367 593 1419 ἀκούςατε,
617 1367 780 1407 πόλεως
803 1380 845 1406 τε
869 1367 1043 1415 μέγεθος
1067 1367 1130 1405 καὶ
1153 1366 1418 1416 εὐδαιμονίαν
1441 1368 1505 1407 καὶ
1528 1367 1672 1419 δόξαν,

219 1438 268 1486 ἢν
304 1437 471 1477 ἕκαςτος
501 1436 600 1485 παρ’
631 1437 764 1488 ἑαυτῷ
799 1434 878 1484 ἔχει
912 1433 936 1473 ἅ
968 1448 1010 1474 τε
1039 1435 1147 1475 νέοις
1180 1434 1375 1485 ἀνδράςιν
1409 1435 1562 1484 ἡλικίας
1594 1434 1673 1489 [be]

220 1506 446 1555 ἀθύρματα,
480 1507 621 1545 παῖδες
654 1505 769 1543 καλοὶ
802 1504 866 1542 καὶ
901 1505 1088 1549 γυναῖκες
1125 1504 1187 1543 καί
1219 1504 1417 1552 γυμνάςια
1451 1505 1514 1543 καὶ
1550 1517 1672 1552 κυνη-

218 1574 339 1623 γέςια,
373 1572 434 1612 ὧν
468 1573 580 1622 ὑμεῖς
617 1570 770 1614 <ὑιτὸ>
804 1576 849 1625 τῇ
888 1572 1040 1625 μεγάλῃ
1075 1571 1286 1624 ἐλευθερίᾳ
1322 1570 1483 1612 πλεῖςτά
1525 1585 1568 1612 τε
1610 1573 1674 1612 καὶ

222 1641 407 1682 κάλλιςτα
443 1642 688 1682 ἀπολαύετε.
722 1642 812 1690 περὶ
850 1640 909 1680 ὧν
944 1641 1132 1689 μαχεῖςθε
1169 1641 1257 1679 νυνὶ
1291 1640 1503 1690 ὑμετέρων
1536 1640 1672 1681 ὄντων

221 1713 423 1759 περιττων
456 1708 664 1760 ἀνδράςιν,
709 1708 766 1749 οἷς
799 1711 927 1748 τοῦτα
961 1708 1117 1748 (πάνια.
1157 1708 1563 1757 παρακελευςάμενοι
1597 1708 1674 1748 οὖν

229 1862 237 1894 l
263 1864 301 1894 ἐκ
319 1863 384 1902 τῆς
402 1862 469 1902 γῆς
496 1861 631 1894 seclusi
746 1863 811 1902 τῆς
831 1872 900 1894 om.
916 1861 949 1894 M
1065 1861 1085 1894 2
1105 1861 1233 1900 ἐ’μελεν
1255 1860 1279 1893 Β
1393 1860 1414 1892 3
1433 1862 1498 1901 τῆς
1515 1870 1585 1893 om.
1601 1860 1628 1893 Z

225 1918 377 1959 βοήθεια
405 1917 446 1950 ci.
476 1916 567 1960 AM]
598 1919 751 1958 βοηθῶν
778 1918 819 1959 A,
846 1916 944 1951 idem
972 1917 998 1950 Β
1027 1917 1091 1950 ,sed
1121 1927 1150 1949 ω
1179 1916 1215 1949 in
1245 1927 1327 1952 raiz,
1357 1918 1508 1958 βοηθεῖν
1536 1916 1628 1949 LZM

224 1975 300 2007 οὔτ’
337 1974 378 2017 εἰ]
414 1974 490 2006 οὔτ’
518 1974 857 2017 <ὀρρωδοῦντες>
884 1975 914 2008 εἴ
941 1975 983 2008 ci.
1011 1975 1072 2008 Ro
1221 1975 1242 2007 ι’)
1268 1974 1385 2006 ταύτὰ
1416 1973 1501 2017 legit
1536 1973 1673 2018 Steplr]

221 2034 339 2064 ταῦτα
358 2030 437 2063 libri
538 2032 557 2064 7
585 2031 883 2071 ναυμαχούντων
911 2031 1162 2075 superscriplo
1182 2033 1311 2064 οὑντες
1331 2032 1365 2064 Μ
1464 2030 1551 2075 πρὸ]
1580 2031 1676 2072 πρὸς

224 2088 252 2121 Α
268 2091 354 2120 ειιιΙυ
371 2098 453 2121 ras..
474 2087 581 2120 LZM:
604 2088 648 2120 ilc
664 2087 690 2119 B
705 2087 796 2120 nibil
817 2088 979 2121 eiizilavil
1003 2088 1171 2131 Laqueus
1274 2090 1295 2121 8
1315 2089 1485 2129 ςωτῆρας
1505 2087 1547 2121 ci.
1563 2088 1626 2121 Re.

225 2145 265 2177 11
295 2144 481 2185 ἡμετέρου
503 2144 530 2176 Α
633 2144 674 2176 12
701 2145 787 2184 ὑμῖν
807 2144 953 2188 scripsi]
974 2145 1061 2185 ἡμῖν
1085 2144 1165 2177 libri
1267 2145 1310 2178 13
1338 2147 1509 2184 νεμοῦςιν
1528 2143 1674 2187 scripsi]

223 2201 374 2241 νέμουςι
400 2200 482 2233 libri
630 2201 731 2244 εὐχῇ]
761 2202 878 2242 ἀγαθῇ
908 2202 997 2243 τύχῃ
1027 2201 1068 2233 (ἰ.
1093 2202 1170 2235 lien:
1200 2201 1375 2242 εὐψύχως
1403 2200 1445 2234 ci.
1473 2200 1610 2233 Jacobs
1637 2200 1675 2233 in

224 2258 320 2291 obss.
338 2257 415 2290 cril.
433 2257 479 2290 ad
500 2257 643 2290 Aiilliol.
661 2257 774 2290 Palm.
791 2269 823 2300 p.
841 2257 885 2291 2⁴2.
994 2258 1286 2300 ςυμβαλλωμένῃ
1307 2259 1385 2290 τοῖς
1405 2257 1569 2301 ἀνδράςι]
1590 2268 1676 2298 ςυμ-

225 2315 420 2355 βάλλωμεν
439 2316 584 2357 λῃςταῖς
604 2315 757 2356 ἀνδράςι
775 2314 853 2347 ΑΜ.
876 2315 1055 2357 ρι’«ιίιειιιίο
1076 2314 1256 2348 Bekkero:
1278 2316 1321 2347 cf.
1340 2324 1470 2347 comm.
1489 2314 1535 2347 ad
1554 2314 1587 2347 h.
1605 2315 1626 2348 l.

227 2371 270 2405 14
289 2372 340 2404 ὼς
358 2370 440 2404 add.
457 2370 535 2403 Keil
659 2372 698 2403 δέ
718 2370 754 2404 in
776 2371 845 2404 fine
864 2382 995 2405 vermis
1015 2370 1098 2404 add.
1113 2372 1160 2415 (1³)
1176 2371 1214 2404 A.
1339 2370 1409 2414 καὶ]
1431 2372 1481 2404 ὡς
1501 2370 1544 2404 ci.
1562 2371 1624 2404 Re.

224 2428 279 2460 ίςα
296 2427 425 2470 erizo]
440 2426 489 2460 εἷς
502 2427 523 2459 ἃ
537 2427 618 2460 libri
706 2428 749 2461 16
762 2428 912 2461 τελέους
928 2427 969 2460 οι.
981 2427 1071 2471 Keil]
1085 2428 1193 2460 νέους
1208 2427 1288 2460 libri
1376 2428 1416 2461 17
1434 2426 1674 2460 εὐδαιμονίαν

226 2483 282 2517 καὶ
298 2484 409 2517 δόξαν
425 2483 570 2527 scripsi]
587 2483 824 2524 εὐδαιμονίας
846 2483 902 2517 καὶ
923 2485 1033 2525 δόξης
1052 2484 1131 2517 libri
1236 2485 1277 2517 18
1296 2485 1335 2516 δέ
1351 2483 1499 2527 seclusi]
1518 2483 1600 2516 οἷον
1617 2484 1674 2518 vel

227 2540 293 2573 οὐν
310 2540 365 2573 vel
388 2540 480 2572 ἐςτὶν
498 2540 540 2573 ci.
559 2540 621 2573 Re.
734 2541 779 2574 20
797 2541 871 2573 ὑπὸ
891 2540 1001 2574 inser.
1018 2540 1108 2584 Keil]
1131 2541 1184 2573 ὧν
1204 2541 1307 2579 ὑμεῖς
1326 2541 1480 2573 πάντων
1502 2542 1592 2581 μετὰ
1609 2542 1676 2582 τῆς

227 2595 436 2638 ἐλευθερίας
457 2625 462 2629 .
481 2625 485 2630 .
504 2625 509 2630 .
531 2597 587 2630 vel
607 2598 757 2630 τούτων
775 2598 877 2638 ὑμεῖς
897 2597 1002 2631 αὐτοὶ
1025 2598 1114 2638 μετὰ
1132 2602 1198 2637 τῆς
1213 2596 1422 2638 ἐλευθερίας
1439 2625 1444 2630 .
1463 2625 1468 2630 .
1487 2625 1492 2630 .
1513 2597 1677 2631 ἀπολαύ-

227 2664 303 2686 ςετε
325 2653 367 2687 ci.
388 2654 471 2688 Ra:
501 2654 555 2686 ὧν
574 2654 677 2694 ὑμεῖς
702 2654 740 2686 ἐν
761 2658 805 2697 τῇ
832 2655 968 2697 μεγάλῃ
990 2653 1181 2696 ἐλευθερίᾳ
1200 2654 1349 2687 πλεῖςτά
1366 2664 1405 2686 τε
1425 2653 1481 2686 καὶ
1508 2654 1677 2687 κάλλιςτα

227 2710 439 2750 ἀπελάβετε,
468 2710 553 2751 περὶ
579 2711 728 2743 τούτων
759 2712 925 2751 μαχεῖςθε
945 2710 1025 2743 νυνὶ
1044 2710 1239 2752 ὑμετέρων
1265 2711 1389 2742 ὄντων
1408 2713 1596 2752 περιττῶν
1615 2711 1677 2743 ἀν-

226 2766 364 2807 δράςιν,
393 2765 448 2798 οἷς
466 2769 583 2799 ταῦτα
602 2768 734 2800 ςπάνια
760 2768 817 2800 vel
839 2768 893 2800 ὧν
913 2767 1094 2800 πλείςτων
1113 2778 1152 2800 τε
1172 2766 1229 2800 καὶ
1248 2765 1449 2799 καλλίςτων
1469 2767 1677 2801 ἀπολαύετε

227 2822 269 2855 ci.
289 2822 425 2856 Jacobs
449 2822 487 2855 in
508 2823 610 2856 Dion.
632 2824 707 2856 Hal.
729 2824 772 2857 (le
793 2834 910 2867 comp.
927 2824 1026 2857 verb.
1044 2824 1098 2857 ed.
1116 2824 1260 2857 Goeller
1280 2824 1407 2867 (Jenae
1428 2823 1532 2866 1818)
1558 2823 1677 2873 p3245

227 2881 358 2915 ‹alliilil
389 2881 560 2925 Orellius)
682 2893 723 2922 γε
750 2894 816 2926 prs>
842 2894 881 2916 τε
908 2883 933 2915 Ζ
1056 2884 1099 2916 21
1128 2883 1309 2927 κάλλιςτα]
1341 2871 1379 2917 (⁰1-
1410 2883 1447 2916 in
1481 2894 1553 2917 ras.
1582 2883 1627 2916 A¹

227 2938 270 2970 22
298 2941 486 2979 περιττῶν
513 2939 554 2972 ci.
574 2939 708 2972 Jacobs
727 2939 748 2972 l.
770 2939 812 2983 0.]
843 2940 1018 2981 περιττὸν
1046 2940 1127 2973 libri

1713 546 1763 585 11

1717 752 1771 791 12

1716 1026 1770 1064 13

1718 1709 1770 1748 14
