1950 3282
242 293 343 338 edm,
383 289 777 340 παραθαρρύνοντες
819 289 1034 337 ἀλλήλους,
1069 289 1169 338 μέγα
1203 293 1465 338 φρονοῦντες
1503 292 1574 339 μὲν
1606 291 1693 328 τοῖς

244 359 389 410 ἔργοις.
418 360 629 400 ἀξιοῦντες
662 360 708 398 δε
736 359 929 408 μάχεςθαι
956 358 1018 397 καὶ
1046 357 1223 401 ἐκείνοις,
1255 355 1390 396 οὓτως
1416 356 1694 404 παρελθόντες

241 430 370 467 ταῦτα
403 428 750 476 ὑπουργηςαντες,
785 427 859 466 ὅςα
892 428 942 476 δη
977 427 1232 475 ἀνθρώπινα,
1267 426 1455 473 νικήςετε.
1506 425 1537 465 εἰ
1566 425 1610 464 δέ
1636 438 1693 464 τις

241 495 358 544 ὑμῶν
382 495 556 535 ἀξιώςας
578 495 674 534 τοὺς
703 497 775 543 μὲν
800 495 1021 543 πολεμίους
1050 490 1247 533 πλεῖόν’τι
1271 489 1369 532 εἶναι
1393 492 1416 540 ἢ
1441 492 1693 541 ἀνθρώπους

187 575 204 599 .·ι
241 564 304 602 καὶ
338 563 549 611 ἀτρώτους
583 560 861 606 ειναι,,αὐτος
895 563 938 601 δε
973 563 1030 601 ώε
1064 561 1241 610 μηδενὸς
1275 560 1386 600 ἄξιος
1420 560 1691 610 ύποχωρηςει,

172 915 203 941 14>

169 1253 202 1280 15

167 1594 202 1621 231)

167 1936 189 1963 ιι

188 1937 196 1941 ,

239 633 365 670 τοῦτο
399 631 601 680 εωτηρίαν
629 631 793 679 νομίςας
825 627 934 680 εἶναι,
966 631 1137 678 πρῶτον
1172 630 1244 676 μὲν
1271 629 1346 677 τήν
1381 628 1548 676 γνώμην
1582 628 1696 677 ἡττη-

242 699 364 747 μένος
387 698 524 743 ἀδικεῖ,
553 698 606 738 ἔτι
629 700 674 737 δὲ
697 698 870 747 ἔμπαλιν
900 697 1010 749 αὐτῷ
1040 697 1086 735 τό
1111 699 1224 745 ςώμα
1252 698 1327 735 τοῦ
1353 695 1477 744 ἔργου
1505 696 1692 745 πεφυκός

239 766 288 805 τὰ
312 766 473 806 ἐναντία
505 766 563 806 οἷς
594 766 781 816 βούλεται
820 765 1067 813 ύπουργηςει
1100 788 1155 792 -
1189 766 1243 804 εἰς
1269 762 1486 803 τούπιςθεν
1515 765 1585 812 μὲν
1611 764 1689 812 γάρ

242 833 334 874 οὔθ’
369 835 405 874 oi
443 835 572 874 πόδες
608 833 834 883 πεφύκαςιν
869 835 1100 882 ἀναχωρεῖν
1135 831 1226 872 οὔθ’
1267 832 1303 872 οἱ
1337 832 1546 882 ὀφθαλμοὶ
1587 831 1693 881 ὁρᾶν

241 902 418 942 οὐδενός
472 927 538 953 —‚
589 903 679 951 δίχα
727 903 772 940 δὲ
821 902 1034 950 διαιρεθεὶς
1089 905 1146 954 τῷ
1191 902 1422 951 ἀναχωρεῖν
1475 902 1692 950 ὑπηρετῶν

242 971 305 1009 καὶ
337 971 410 1009 τὸν
450 969 620 1009 ἐπιόντα
660 969 741 1017 ἅμα
781 969 975 1008 κίνδυνον
1016 969 1237 1019 φυλάττων
1273 970 1496 1018 καθυφηςει
1535 969 1694 1018 ταχέως

242 1038 304 1076 καὶ
346 1038 418 1076 τόν
464 1036 699 1085 ἀντιςτάτην
740 1037 789 1075 οὐ
839 1037 1051 1084 δυνήςεται
1091 1037 1328 1085 ἀμύνεςθαι.
1383 1037 1455 1076 έάν
1503 1039 1548 1076 δε
1594 1036 1691 1076 ἀνα-

241 1108 431 1156 ςτραφεὶς
473 1106 575 1147 ἀξιοῖ
616 1106 781 1156 φεύγειν
823 1106 878 1145 ὼς
921 1105 1278 1154 ἀποφευξόμενος,
1322 1108 1492 1155 πρώτον
1531 1106 1604 1153 μὲν
1642 1106 1692 1144 τά

238 1175 370 1222 γυμνὰ
402 1177 484 1214 τοῖς
517 1175 723 1222 πολεμίοις
756 1175 889 1216 δείξει,
925 1173 968 1213 ἐν
1004 1173 1061 1213 οἷς
1094 1174 1377 1223 τιτρώςκεςθαι
1410 1175 1433 1223 ἢ
1468 1174 1694 1214 ἀλίςκεςθαι

239 1241 415 1293 ἀνάγκη,
455 1242 590 1281 ἔπειτα
629 1243 774 1281 πολλοὶ
814 1243 876 1281 καὶ
916 1244 1069 1290 κοῦφοι
1111 1241 1147 1280 οἱ
1186 1242 1430 1291 διωξόμενοι
1465 1241 1693 1282 ἀκοντιςταὶ

240 1310 303 1348 καὶ
344 1312 619 1360 ςφενδονῆται
661 1311 724 1349 καὶ
762 1309 937 1353 τοξόται,
979 1311 1050 1350 οὓς
1091 1309 1186 1350 οὔτε
1226 1310 1374 1350 αὐτούς
1410 1310 1555 1362 ῥᾴδιόν
1589 1311 1692 1350 ε’ςτιν

239 1378 471 1428 ἀποφυγεῖν
507 1377 601 1417 ούτε
634 1377 684 1416 τά
719 1379 812 1427 βέλη
848 1378 998 1425 αὐτῶν,
1031 1377 1192 1426 «ζάλλὝ
1224 1377 1347 1427 ἦττον
1381 1378 1434 1417 ἔτι
1467 1380 1629 1430 πολλιῖν
1665 1378 1688 1417 ό

239 1448 317 1496 γὰρ
356 1448 542 1497 τάχιςτος
581 1446 686 1495 ἀνὴρ
727 1449 801 1485 τοῦ
844 1447 1104 1495 βραδυτάτου
1143 1446 1389 1494 τοξεύματος
1429 1445 1527 1485 ούδὲ
1567 1447 1690 1495 μέρος

238 1518 464 1567 ταχυτῆτος
490 1516 669 1564 παρέχει.
711 1516 742 1554 εἰ
768 1520 844 1553 ούν
863 1528 918 1553 τις
948 1515 1064 1562 ύμών
1094 1515 1346 1564 φιλοψυχών
1375 1506 1691 1563 παρεςκεύαςται

239 1582 471 1632 ἀναχωρεῖν
505 1583 527 1631 ἢ
561 1582 730 1632 φεύγειν
761 1582 834 1621 ἵνα
862 1585 984 1633 ςωθῇ,
1020 1582 1094 1621 ούκ
1128 1581 1267 1630 όρθώς
1293 1581 1477 1627 γινώςκει
1504 1582 1550 1620 τό
1579 1584 1695 1631 φιλο-

240 1653 388 1700 ψυχεῖν
427 1649 486 1689 ὅτι
527 1650 651 1690 έςτὶν·
692 1650 736 1689 έν
774 1649 853 1697 γάρ
899 1653 958 1701 τῷ
1005 1649 1138 1698 μένειν
1178 1650 1241 1688 καὶ
1281 1648 1406 1697 όμόςε
1449 1652 1601 1698 χωρεῖν
1642 1652 1690 1689 ού

241 1718 372 1767 μόνον
391 1719 463 1767 τὴν
483 1717 614 1757 αὑτοῦ
635 1717 739 1757 ἀλλὰ
758 1719 820 1756 καὶ
845 1718 915 1757 τάς
938 1720 1020 1756 τών
1047 1717 1149 1757 οἴκοι
1175 1716 1387 1765 μενόντων
1407 1719 1544 1766 ψυχάς
1563 1720 1688 1770 ςῲζει.

390 1786 432 1825 Εἰ
462 1787 534 1834 μέν
564 1786 639 1825 οὖν
665 1786 709 1825 εὗ
739 1787 824 1837 ᾔδει
853 1799 908 1825 τις
932 1785 991 1825 ὅτι
1013 1786 1138 1825 τόνδε
1159 1787 1232 1825 τὸν
1257 1785 1449 1824 κίνδυνον
1474 1787 1692 1836 διαφυγών

240 1855 326 1905 μεθ’
346 1855 500 1903 ἡδονῆς
522 1855 594 1894 τον
619 1855 828 1894 ἐπίλοιπον
854 1854 1011 1904 χρόνον
1036 1856 1266 1895 διατελέςας
1287 1853 1359 1892 εύν
1384 1852 1541 1907 εὐκλείᾳ
1558 1856 1689 1894 τελεύ-

195 1946 201 1959 ι
237 1925 351 1973 τήεει.
377 1920 483 1973 εἶχεν
508 1923 558 1963 ἂν
577 1923 706 1969 λόγον
724 1923 813 1962 τινὰ
831 1923 853 1971 ἡ
873 1923 1007 1962 κακία·
1034 1924 1112 1961 νῦν
1138 1923 1183 1961 δὲ
1206 1919 1291 1963 <οἱ>
1315 1923 1461 1962 πολλοὶ
1486 1923 1549 1962 καὶ
1574 1924 1687 1962 κακοὶ

241 2051 256 2083 1
285 2051 618 2093 παραθαρύνοντες
636 2050 663 2083 Β
799 2049 889 2090 μέγα
914 2051 1150 2091 φρονοῦντες
1175 2047 1218 2081 εἰ.
1240 2047 1329 2091 Keil]
1357 2052 1688 2090 καταφρονοῦντες

238 2106 318 2140 libri
453 2107 472 2139 2
501 2106 654 2140 ἐκείνοις
682 2106 725 2140 ci.
745 2105 837 2149 Keil]
867 2105 998 2138 ἐκεῖνοι
1025 2104 1126 2138 libi-i:
1157 2104 1214 2137 καὶ
1242 2104 1406 2138 ἐκείνου(
1433 2105 1687 2146 παρελθόντες

237 2162 306 2196 Ald
429 2163 529 2196 οὕτω
556 2163 581 2196 Ζ
704 2161 970 2205 παρελθόντες]
996 2173 1071 2203 παρ
1098 2161 1136 2194 in
1157 2172 1226 2195 ras.
1247 2162 1272 2194 Z
1395 2162 1416 2195 :3
1444 2161 1502 2206 δὴ]
1524 2162 1563 2194 δὲ
1582 2162 1687 2201 LZM,

236 2229 278 2259 γε
305 2219 346 2253 ei.
366 2219 430 2253 Re.
577 2220 739 2262 νικήεετε
766 2218 859 2262 Am]
894 2219 1105 2259 νικήςαντες
1139 2217 1221 2251 libri
1368 2219 1391 2251 4,
1418 2218 1511 2252 εἶναι
1539 2218 1582 2251 ci.
1608 2218 1686 2261 Re]

238 2275 371 2309 εἰδέναι
398 2276 490 2319 libri,
519 2275 701 2317 εἰληχέναι
728 2276 749 2317 ἢ
778 2276 928 2320 <κατ“>
955 2276 1184 2317 ἀνθρώπους
1211 2276 1253 2309 (Ji.
1275 2277 1353 2310 Keil
1489 2277 1510 2310 ἴ)
1537 2277 1686 2316 ὑποχω-

239 2332 320 2374 ρήει
354 2333 378 2365 Β
409 2332 461 2375 (at
486 2333 560 2366 ὑπὸ
588 2333 627 2366 in
655 2344 746 2367 ras:
777 2333 837 2366 l'uil
871 2334 924 2365 ὢν
952 2333 1009 2366 vel
1039 2333 1105 2369 ωε]
1134 2333 1187 2366 LZ
1320 2335 1341 2365 6
1369 2331 1532 2375 νομίςας]
1561 2343 1620 2365 ςαε
1649 2333 1685 2365 in

238 2399 308 2421 ras.
327 2389 364 2422 L.
476 2390 495 2422 7
523 2389 694 2430 πεφυκός
721 2389 763 2422 εἰ.
788 2388 861 2433 ΗΘ]
882 2389 1097 2430 πεφυκότος
1116 2388 1216 2429 1ιΙ)ιί;
1328 2389 1348 2421 8
1366 2388 1424 2432 τὰ]
1444 2389 1490 2421 τὰ
1511 2389 1575 2429 μὲν
1595 2388 1685 2421 LZM

239 2442 307 2487 οἷς]
336 2454 356 2477 ο
383 2444 421 2477 in
449 2455 520 2478 ras.
541 2445 567 2477 Β
689 2446 709 2477 9
738 2443 932 2486 ὀφθαλμοὶ
959 2455 1004 2477 ex
1032 2445 1225 2486 ὀφθλαμοὶ
1245 2456 1336 2479 corr.
1358 2445 1384 2477 B
1512 2444 1549 2477 11
1576 2446 1685 2477 καθυ-

239 2503 347 2544 φήςει
375 2503 417 2536 εἰ.
438 2503 530 2546 Keil]
558 2504 650 2536 κατὰ
677 2503 787 2544 φύειν
806 2503 904 2537 libri:
935 2503 1221 2544 φυλαττόμενος
1248 2500 1449 2534 καταδείςει
1468 2501 1527 2533 vol
1547 2501 1686 2540 ἀπαγο-

238 2558 357 2600 ρεύςει
371 2560 513 2599 ταχέως
527 2559 665 2592 καὶτὸν
681 2559 724 2593 ci.
740 2561 817 2593 llo:
840 2560 1043 2600 φυλάττων
1061 2558 1194 2603 <παρὰ
1209 2557 1319 2599 φύειν
1335 2557 1447 2589 αὐτὸς
1467 2557 1685 2598 κινούμενος

235 2616 333 2658 τὸν>
359 2616 451 2649 κατὰ
483 2616 593 2657 φύειν
624 2617 767 2656 ταχέως
800 2615 905 2648 ἰόντα
938 2615 1156 2656 ἀντιετάτην
1184 2614 1241 2648 vel
1270 2615 1474 2655 φυλάττων
1501 2615 1568 2647 τὸν
1595 2614 1686 2646 κατὰ

239 2670 348 2712 φύειν
378 2673 522 2712 ταχέως
554 2672 659 2706 ἰόντα
693 2672 910 2713 ἀντιετάτην
940 2699 944 2704 .
974 2699 979 2704 .
1007 2698 1011 2704 .
1048 2670 1090 2703 ci.
1120 2670 1229 2703 Dobr.
1378 2670 1422 2704 14
1454 2669 1572 2712 δείξει]
1601 2670 1620 2701 δ
1648 2669 1685 2702 in

238 2729 343 2762 rasZ
418 2728 776 2773 ἁλίςκεεθαιοί.Κοι1]
796 2729 969 2770 μάχεςθαι
984 2727 1064 2761 libri
1080 2727 1247 2760 ΑΛΙΕΚ-;
1266 2727 1384 2760 ΜΑΧ-
1477 2726 1514 2759 15
1530 2726 1683 2769 ἀνάγκη]

236 2794 304 2826 γκη
331 2784 369 2818 in
396 2796 466 2819 ras.
493 2785 518 2819 Z
642 2786 876 2828 διωξόμενοι]
905 2786 923 2817 δ
951 2784 988 2817 in
1013 2795 1084 2817 ras,
1104 2783 1129 2816 Z
1244 2784 1285 2816 16
1313 2783 1550 2824 εφενδονῖται
1573 2782 1634 2815 ΖΜ

238 2839 282 2873 17
309 2840 384 2874 ἀλλῗ
413 2841 521 2875 inser.
541 2843 604 2876 Re.
743 2842 787 2876 18
815 2841 1023 2883 βαδυτάτου
1051 2841 1079 2874 A
1232 2840 1270 2873 115)
1299 2841 1531 2881 βραδυτῆτος
1558 2850 1683 2882 super-

235 2896 372 2940 scripto
389 2908 456 2938 ταχ
475 2899 509 2932 Μ
598 2900 601 2901 ’
617 2899 704 2940 ὑμῖν
723 2899 781 2932 ΑΒ
893 2897 1133 2940 φιλοψυχών]
1163 2908 1192 2930 ω
1220 2897 1257 2930 in
1279 2908 1347 2930 ras.
1369 2897 1397 2930 A
1507 2896 1551 2929 25
1570 2896 1684 2936 λόγον

237 2964 256 2987 e
283 2953 386 2994 λίγον
413 2966 504 2989 corr.
525 2956 551 2989 B
675 2955 709 2989 οἱ
736 2956 872 2989 inserui
1021 2954 1078 2988 καὶ
1105 2954 1190 2988 secl.
1210 2954 1274 2987 Re.

1736 1039 1786 1075 lli

1739 1517 1782 1554 17
